%YAML 1.1
%TAG !u! tag:unity3d.com,2011:
--- !u!1 &320066033066353008
GameObject:
  m_ObjectHideFlags: 0
  m_CorrespondingSourceObject: {fileID: 0}
  m_PrefabInstance: {fileID: 0}
  m_PrefabAsset: {fileID: 0}
  serializedVersion: 6
  m_Component:
  - component: {fileID: 8422120053514786641}
  m_Layer: 0
  m_Name: mixamorig:RightLeg
  m_TagString: Untagged
  m_Icon: {fileID: 0}
  m_NavMeshLayer: 0
  m_StaticEditorFlags: 0
  m_IsActive: 1
--- !u!4 &8422120053514786641
Transform:
  m_ObjectHideFlags: 0
  m_CorrespondingSourceObject: {fileID: 0}
  m_PrefabInstance: {fileID: 0}
  m_PrefabAsset: {fileID: 0}
  m_GameObject: {fileID: 320066033066353008}
  m_LocalRotation: {x: -0.22639467, y: 0.08504494, z: 0.012218884, w: 0.9702389}
  m_LocalPosition: {x: 2.9604798e-11, y: 0.16697153, z: -5.7176014e-10}
  m_LocalScale: {x: 1, y: 1, z: 1}
  m_Children:
  - {fileID: 6053341197020093424}
  m_Father: {fileID: 1248184009995268881}
  m_RootOrder: 0
  m_LocalEulerAnglesHint: {x: -49.049347, y: -4.733987, z: 8.0917225}
--- !u!1 &684851807795335053
GameObject:
  m_ObjectHideFlags: 0
  m_CorrespondingSourceObject: {fileID: 0}
  m_PrefabInstance: {fileID: 0}
  m_PrefabAsset: {fileID: 0}
  serializedVersion: 6
  m_Component:
  - component: {fileID: 1988794385766713353}
  m_Layer: 0
  m_Name: mixamorig:RightForeArm
  m_TagString: Untagged
  m_Icon: {fileID: 0}
  m_NavMeshLayer: 0
  m_StaticEditorFlags: 0
  m_IsActive: 1
--- !u!4 &1988794385766713353
Transform:
  m_ObjectHideFlags: 0
  m_CorrespondingSourceObject: {fileID: 0}
  m_PrefabInstance: {fileID: 0}
  m_PrefabAsset: {fileID: 0}
  m_GameObject: {fileID: 684851807795335053}
  m_LocalRotation: {x: -0.007220809, y: 0.0013436627, z: 0.09466067, w: 0.9954825}
  m_LocalPosition: {x: 2.5605584e-10, y: 0.09377276, z: 2.7395494e-10}
  m_LocalScale: {x: 1, y: 1, z: 1}
  m_Children:
  - {fileID: 3346139400726790037}
  m_Father: {fileID: 2828012710291264913}
  m_RootOrder: 0
  m_LocalEulerAnglesHint: {x: -27.074142, y: 28.220749, z: 45.334126}
--- !u!1 &1009137689477909221
GameObject:
  m_ObjectHideFlags: 0
  m_CorrespondingSourceObject: {fileID: 0}
  m_PrefabInstance: {fileID: 0}
  m_PrefabAsset: {fileID: 0}
  serializedVersion: 6
  m_Component:
  - component: {fileID: 4060686352639654134}
  - component: {fileID: 6255631241967064460}
  - component: {fileID: 3137541127269380312}
  m_Layer: 0
  m_Name: DunhillEverything 1
  m_TagString: Untagged
  m_Icon: {fileID: 0}
  m_NavMeshLayer: 0
  m_StaticEditorFlags: 0
  m_IsActive: 1
--- !u!4 &4060686352639654134
Transform:
  m_ObjectHideFlags: 0
  m_CorrespondingSourceObject: {fileID: 0}
  m_PrefabInstance: {fileID: 0}
  m_PrefabAsset: {fileID: 0}
  m_GameObject: {fileID: 1009137689477909221}
  m_LocalRotation: {x: 0, y: 0, z: 0, w: 1}
  m_LocalPosition: {x: 45.158604, y: 2.057, z: -20.7956}
  m_LocalScale: {x: 1, y: 1, z: 1}
  m_Children:
  - {fileID: 5779432752564579278}
  - {fileID: 5371568525130273554}
  - {fileID: 4584847316618271344}
  - {fileID: 1316511044992511710}
  - {fileID: 1445737806762660202}
  - {fileID: 3481728462372330353}
  - {fileID: 778692004502613169}
  - {fileID: 4001087018777018887}
  - {fileID: 9110811503377091256}
  - {fileID: 1167416541803176906}
  - {fileID: 647385465463217052}
  - {fileID: 8140044607302423725}
  - {fileID: 4265045664977191321}
  - {fileID: 1084211572745369318}
  m_Father: {fileID: 0}
  m_RootOrder: 0
  m_LocalEulerAnglesHint: {x: 0, y: 0, z: 0}
--- !u!95 &6255631241967064460
Animator:
  serializedVersion: 3
  m_ObjectHideFlags: 0
  m_CorrespondingSourceObject: {fileID: 0}
  m_PrefabInstance: {fileID: 0}
  m_PrefabAsset: {fileID: 0}
  m_GameObject: {fileID: 1009137689477909221}
  m_Enabled: 1
  m_Avatar: {fileID: 9000000, guid: 1bf7b5e223a46c1439be74855a57367a, type: 3}
  m_Controller: {fileID: 9100000, guid: 7ae360780c4e97f4e8a9baeb9b0cf06b, type: 2}
  m_CullingMode: 1
  m_UpdateMode: 0
  m_ApplyRootMotion: 0
  m_LinearVelocityBlending: 0
  m_WarningMessage: 
  m_HasTransformHierarchy: 1
  m_AllowConstantClipSamplingOptimization: 1
  m_KeepAnimatorControllerStateOnDisable: 0
--- !u!114 &3137541127269380312
MonoBehaviour:
  m_ObjectHideFlags: 0
  m_CorrespondingSourceObject: {fileID: 0}
  m_PrefabInstance: {fileID: 0}
  m_PrefabAsset: {fileID: 0}
  m_GameObject: {fileID: 1009137689477909221}
  m_Enabled: 1
  m_EditorHideFlags: 0
  m_Script: {fileID: 11500000, guid: 2dbdd248ef8974d43b41c4d48d8c50e5, type: 3}
  m_Name: 
  m_EditorClassIdentifier: 
  attackEffect: {fileID: 1089425177455518058}
  hittedBlood: {fileID: 4268783609628376079}
  diedBlood: {fileID: 2492808381915525360}
--- !u!1 &1024740052750777984
GameObject:
  m_ObjectHideFlags: 0
  m_CorrespondingSourceObject: {fileID: 0}
  m_PrefabInstance: {fileID: 0}
  m_PrefabAsset: {fileID: 0}
  serializedVersion: 6
  m_Component:
  - component: {fileID: 1574606090447715823}
  m_Layer: 0
  m_Name: mixamorig:RightHandIndex3
  m_TagString: Untagged
  m_Icon: {fileID: 0}
  m_NavMeshLayer: 0
  m_StaticEditorFlags: 0
  m_IsActive: 1
--- !u!4 &1574606090447715823
Transform:
  m_ObjectHideFlags: 0
  m_CorrespondingSourceObject: {fileID: 0}
  m_PrefabInstance: {fileID: 0}
  m_PrefabAsset: {fileID: 0}
  m_GameObject: {fileID: 1024740052750777984}
  m_LocalRotation: {x: 0.19180563, y: 0.024224881, z: -0.05115468, w: 0.97979945}
  m_LocalPosition: {x: 0.00026920892, y: 0.010644778, z: 0.003257804}
  m_LocalScale: {x: 1, y: 1, z: 1}
  m_Children:
  - {fileID: 2043131617360954618}
  m_Father: {fileID: 8887881186677380683}
  m_RootOrder: 0
  m_LocalEulerAnglesHint: {x: 51.94799, y: 4.1950536, z: 1.455616}
--- !u!1 &1094878517815474108
GameObject:
  m_ObjectHideFlags: 0
  m_CorrespondingSourceObject: {fileID: 0}
  m_PrefabInstance: {fileID: 0}
  m_PrefabAsset: {fileID: 0}
  serializedVersion: 6
  m_Component:
  - component: {fileID: 6053341197020093424}
  m_Layer: 0
  m_Name: mixamorig:RightFoot
  m_TagString: Untagged
  m_Icon: {fileID: 0}
  m_NavMeshLayer: 0
  m_StaticEditorFlags: 0
  m_IsActive: 1
--- !u!4 &6053341197020093424
Transform:
  m_ObjectHideFlags: 0
  m_CorrespondingSourceObject: {fileID: 0}
  m_PrefabInstance: {fileID: 0}
  m_PrefabAsset: {fileID: 0}
  m_GameObject: {fileID: 1094878517815474108}
  m_LocalRotation: {x: 0.5499619, y: -0.10727726, z: 0.003738674, w: 0.8282629}
  m_LocalPosition: {x: -2.6871913e-10, y: 0.15313064, z: 7.39011e-12}
  m_LocalScale: {x: 1, y: 1, z: 1}
  m_Children:
  - {fileID: 135370428951061081}
  m_Father: {fileID: 8422120053514786641}
  m_RootOrder: 0
  m_LocalEulerAnglesHint: {x: 74.46935, y: -73.032814, z: -66.08391}
--- !u!1 &1390779393596062564
GameObject:
  m_ObjectHideFlags: 0
  m_CorrespondingSourceObject: {fileID: 0}
  m_PrefabInstance: {fileID: 0}
  m_PrefabAsset: {fileID: 0}
  serializedVersion: 6
  m_Component:
  - component: {fileID: 3918913841283993732}
  m_Layer: 0
  m_Name: mixamorig:HeadTop_End
  m_TagString: Untagged
  m_Icon: {fileID: 0}
  m_NavMeshLayer: 0
  m_StaticEditorFlags: 0
  m_IsActive: 1
--- !u!4 &3918913841283993732
Transform:
  m_ObjectHideFlags: 0
  m_CorrespondingSourceObject: {fileID: 0}
  m_PrefabInstance: {fileID: 0}
  m_PrefabAsset: {fileID: 0}
  m_GameObject: {fileID: 1390779393596062564}
  m_LocalRotation: {x: 0, y: -0, z: -0, w: 1}
  m_LocalPosition: {x: -0, y: 0.0930117, z: 0.03705574}
  m_LocalScale: {x: 1, y: 1, z: 1}
  m_Children: []
  m_Father: {fileID: 6079100651027357185}
  m_RootOrder: 0
  m_LocalEulerAnglesHint: {x: 0, y: 0, z: 0}
--- !u!1 &1917886985861002671
GameObject:
  m_ObjectHideFlags: 0
  m_CorrespondingSourceObject: {fileID: 0}
  m_PrefabInstance: {fileID: 0}
  m_PrefabAsset: {fileID: 0}
  serializedVersion: 6
  m_Component:
  - component: {fileID: 135370428951061081}
  m_Layer: 0
  m_Name: mixamorig:RightToeBase
  m_TagString: Untagged
  m_Icon: {fileID: 0}
  m_NavMeshLayer: 0
  m_StaticEditorFlags: 0
  m_IsActive: 1
--- !u!4 &135370428951061081
Transform:
  m_ObjectHideFlags: 0
  m_CorrespondingSourceObject: {fileID: 0}
  m_PrefabInstance: {fileID: 0}
  m_PrefabAsset: {fileID: 0}
  m_GameObject: {fileID: 1917886985861002671}
  m_LocalRotation: {x: 0.3137526, y: -0.018153545, z: 0.005537241, w: 0.9493151}
  m_LocalPosition: {x: 4.1052106e-10, y: 0.0653295, z: 1.2323434e-10}
  m_LocalScale: {x: 1, y: 1, z: 1}
  m_Children:
  - {fileID: 1471806820314782220}
  m_Father: {fileID: 6053341197020093424}
  m_RootOrder: 0
  m_LocalEulerAnglesHint: {x: 43.58276, y: -2.6956308, z: 0.19972357}
--- !u!1 &2044894500455498867
GameObject:
  m_ObjectHideFlags: 0
  m_CorrespondingSourceObject: {fileID: 0}
  m_PrefabInstance: {fileID: 0}
  m_PrefabAsset: {fileID: 0}
  serializedVersion: 6
  m_Component:
  - component: {fileID: 7746490497612169870}
  m_Layer: 0
  m_Name: mixamorig:LeftFoot
  m_TagString: Untagged
  m_Icon: {fileID: 0}
  m_NavMeshLayer: 0
  m_StaticEditorFlags: 0
  m_IsActive: 1
--- !u!4 &7746490497612169870
Transform:
  m_ObjectHideFlags: 0
  m_CorrespondingSourceObject: {fileID: 0}
  m_PrefabInstance: {fileID: 0}
  m_PrefabAsset: {fileID: 0}
  m_GameObject: {fileID: 2044894500455498867}
  m_LocalRotation: {x: 0.56010646, y: 0.07746533, z: -0.03279436, w: 0.82413864}
  m_LocalPosition: {x: 1.4345915e-10, y: 0.15311281, z: -3.990646e-11}
  m_LocalScale: {x: 1, y: 1, z: 1}
  m_Children:
  - {fileID: 7759778236791442869}
  m_Father: {fileID: 2665507881591881241}
  m_RootOrder: 0
  m_LocalEulerAnglesHint: {x: 51.87032, y: 40.21408, z: 33.497105}
--- !u!1 &2210858338729454187
GameObject:
  m_ObjectHideFlags: 0
  m_CorrespondingSourceObject: {fileID: 0}
  m_PrefabInstance: {fileID: 0}
  m_PrefabAsset: {fileID: 0}
  serializedVersion: 6
  m_Component:
  - component: {fileID: 9110811503377091256}
  - component: {fileID: 2969087237808051704}
  m_Layer: 0
  m_Name: polySurface26polySurface1
  m_TagString: Untagged
  m_Icon: {fileID: 0}
  m_NavMeshLayer: 0
  m_StaticEditorFlags: 0
  m_IsActive: 1
--- !u!4 &9110811503377091256
Transform:
  m_ObjectHideFlags: 0
  m_CorrespondingSourceObject: {fileID: 0}
  m_PrefabInstance: {fileID: 0}
  m_PrefabAsset: {fileID: 0}
  m_GameObject: {fileID: 2210858338729454187}
  m_LocalRotation: {x: 0, y: -0, z: -0, w: 1}
  m_LocalPosition: {x: -0, y: 0, z: 0}
  m_LocalScale: {x: 1, y: 1, z: 1}
  m_Children: []
  m_Father: {fileID: 4060686352639654134}
  m_RootOrder: 8
  m_LocalEulerAnglesHint: {x: 0, y: 0, z: 0}
--- !u!137 &2969087237808051704
SkinnedMeshRenderer:
  m_ObjectHideFlags: 0
  m_CorrespondingSourceObject: {fileID: 0}
  m_PrefabInstance: {fileID: 0}
  m_PrefabAsset: {fileID: 0}
  m_GameObject: {fileID: 2210858338729454187}
  m_Enabled: 1
  m_CastShadows: 1
  m_ReceiveShadows: 1
  m_DynamicOccludee: 1
  m_MotionVectors: 1
  m_LightProbeUsage: 1
  m_ReflectionProbeUsage: 1
  m_RenderingLayerMask: 1
  m_RendererPriority: 0
  m_Materials:
  - {fileID: 2100000, guid: 3cc148279f52c7d478765bcb5d61e438, type: 2}
  m_StaticBatchInfo:
    firstSubMesh: 0
    subMeshCount: 0
  m_StaticBatchRoot: {fileID: 0}
  m_ProbeAnchor: {fileID: 0}
  m_LightProbeVolumeOverride: {fileID: 0}
  m_ScaleInLightmap: 1
  m_ReceiveGI: 1
  m_PreserveUVs: 0
  m_IgnoreNormalsForChartDetection: 0
  m_ImportantGI: 0
  m_StitchLightmapSeams: 1
  m_SelectedEditorRenderState: 3
  m_MinimumChartSize: 4
  m_AutoUVMaxDistance: 0.5
  m_AutoUVMaxAngle: 89
  m_LightmapParameters: {fileID: 0}
  m_SortingLayerID: 0
  m_SortingLayer: 0
  m_SortingOrder: 0
  serializedVersion: 2
  m_Quality: 0
  m_UpdateWhenOffscreen: 0
  m_SkinnedMotionVectors: 1
  m_Mesh: {fileID: -8909621357743997676, guid: 1bf7b5e223a46c1439be74855a57367a, type: 3}
  m_Bones:
  - {fileID: 4578005276594937814}
  - {fileID: 840789776718178212}
  - {fileID: 2663676314775936385}
  - {fileID: 7065722292838931958}
  - {fileID: 2828012710291264913}
  - {fileID: 4584847316618271344}
  - {fileID: 1248184009995268881}
  - {fileID: 1988794385766713353}
  - {fileID: 2966256439752763745}
  - {fileID: 3346139400726790037}
  - {fileID: 7950131398919463187}
  - {fileID: 828203595439064653}
  - {fileID: 1424742496815720342}
  - {fileID: 4782889926375081625}
  - {fileID: 5325650858377014350}
  m_BlendShapeWeights: []
  m_RootBone: {fileID: 4584847316618271344}
  m_AABB:
    m_Center: {x: 0.0027222782, y: 0.107630625, z: -0.0068986416}
    m_Extent: {x: 0.17068969, y: 0.13083537, z: 0.07001342}
  m_DirtyAABB: 0
--- !u!1 &2316119753919304031
GameObject:
  m_ObjectHideFlags: 0
  m_CorrespondingSourceObject: {fileID: 0}
  m_PrefabInstance: {fileID: 0}
  m_PrefabAsset: {fileID: 0}
  serializedVersion: 6
  m_Component:
  - component: {fileID: 7759778236791442869}
  m_Layer: 0
  m_Name: mixamorig:LeftToeBase
  m_TagString: Untagged
  m_Icon: {fileID: 0}
  m_NavMeshLayer: 0
  m_StaticEditorFlags: 0
  m_IsActive: 1
--- !u!4 &7759778236791442869
Transform:
  m_ObjectHideFlags: 0
  m_CorrespondingSourceObject: {fileID: 0}
  m_PrefabInstance: {fileID: 0}
  m_PrefabAsset: {fileID: 0}
  m_GameObject: {fileID: 2316119753919304031}
  m_LocalRotation: {x: 0.3136387, y: 0.017411286, z: -0.0051899403, w: 0.9493686}
  m_LocalPosition: {x: -2.389662e-10, y: 0.06550892, z: -3.0094643e-10}
  m_LocalScale: {x: 1, y: 1, z: 1}
  m_Children:
  - {fileID: 310188841003314881}
  m_Father: {fileID: 7746490497612169870}
  m_RootOrder: 0
  m_LocalEulerAnglesHint: {x: 35.73207, y: 4.219802, z: -0.068691745}
--- !u!1 &2495355933234944066
GameObject:
  m_ObjectHideFlags: 0
  m_CorrespondingSourceObject: {fileID: 0}
  m_PrefabInstance: {fileID: 0}
  m_PrefabAsset: {fileID: 0}
  serializedVersion: 6
  m_Component:
  - component: {fileID: 2966256439752763745}
  m_Layer: 0
  m_Name: mixamorig:Neck
  m_TagString: Untagged
  m_Icon: {fileID: 0}
  m_NavMeshLayer: 0
  m_StaticEditorFlags: 0
  m_IsActive: 1
--- !u!4 &2966256439752763745
Transform:
  m_ObjectHideFlags: 0
  m_CorrespondingSourceObject: {fileID: 0}
  m_PrefabInstance: {fileID: 0}
  m_PrefabAsset: {fileID: 0}
  m_GameObject: {fileID: 2495355933234944066}
  m_LocalRotation: {x: 0.01937073, y: 0.009555318, z: -0.0045386483, w: 0.99975646}
  m_LocalPosition: {x: -0, y: 0.05942081, z: -0.000000005690544}
  m_LocalScale: {x: 1, y: 1, z: 1}
  m_Children:
  - {fileID: 6079100651027357185}
  m_Father: {fileID: 2663676314775936385}
  m_RootOrder: 1
  m_LocalEulerAnglesHint: {x: -11.022566, y: 2.073125, z: -3.430244}
--- !u!1 &2533630123190931018
GameObject:
  m_ObjectHideFlags: 0
  m_CorrespondingSourceObject: {fileID: 0}
  m_PrefabInstance: {fileID: 0}
  m_PrefabAsset: {fileID: 0}
  serializedVersion: 6
  m_Component:
  - component: {fileID: 2765675217562099965}
  m_Layer: 0
  m_Name: mixamorig:LeftHandIndex3
  m_TagString: Untagged
  m_Icon: {fileID: 0}
  m_NavMeshLayer: 0
  m_StaticEditorFlags: 0
  m_IsActive: 1
--- !u!4 &2765675217562099965
Transform:
  m_ObjectHideFlags: 0
  m_CorrespondingSourceObject: {fileID: 0}
  m_PrefabInstance: {fileID: 0}
  m_PrefabAsset: {fileID: 0}
  m_GameObject: {fileID: 2533630123190931018}
  m_LocalRotation: {x: 0.091704845, y: -0.02782677, z: -0.16364528, w: 0.9818534}
  m_LocalPosition: {x: 0.0022497328, y: 0.010784738, z: -0.0015340459}
  m_LocalScale: {x: 1, y: 1, z: 1}
  m_Children:
  - {fileID: 5318247808542136733}
  m_Father: {fileID: 7469779461273947410}
  m_RootOrder: 0
  m_LocalEulerAnglesHint: {x: 27.9795, y: -30.53311, z: -61.92969}
--- !u!1 &2535576198932258789
GameObject:
  m_ObjectHideFlags: 0
  m_CorrespondingSourceObject: {fileID: 0}
  m_PrefabInstance: {fileID: 0}
  m_PrefabAsset: {fileID: 0}
  serializedVersion: 6
  m_Component:
  - component: {fileID: 4782889926375081625}
  m_Layer: 0
  m_Name: mixamorig:LeftUpLeg
  m_TagString: Untagged
  m_Icon: {fileID: 0}
  m_NavMeshLayer: 0
  m_StaticEditorFlags: 0
  m_IsActive: 1
--- !u!4 &4782889926375081625
Transform:
  m_ObjectHideFlags: 0
  m_CorrespondingSourceObject: {fileID: 0}
  m_PrefabInstance: {fileID: 0}
  m_PrefabAsset: {fileID: 0}
  m_GameObject: {fileID: 2535576198932258789}
  m_LocalRotation: {x: -0.08824211, y: 0.049877256, z: 0.9916796, w: 0.07935516}
  m_LocalPosition: {x: -0.037139405, y: -0.02188545, z: -0.0011386019}
  m_LocalScale: {x: 1, y: 1, z: 1}
  m_Children:
  - {fileID: 2665507881591881241}
  m_Father: {fileID: 4584847316618271344}
  m_RootOrder: 0
  m_LocalEulerAnglesHint: {x: -5.508346, y: 3.0099366, z: 164.37112}
--- !u!1 &2538644107419997801
GameObject:
  m_ObjectHideFlags: 0
  m_CorrespondingSourceObject: {fileID: 0}
  m_PrefabInstance: {fileID: 0}
  m_PrefabAsset: {fileID: 0}
  serializedVersion: 6
  m_Component:
  - component: {fileID: 647385465463217052}
  - component: {fileID: 8346140606769292495}
  m_Layer: 0
  m_Name: polySurface31
  m_TagString: Untagged
  m_Icon: {fileID: 0}
  m_NavMeshLayer: 0
  m_StaticEditorFlags: 0
  m_IsActive: 1
--- !u!4 &647385465463217052
Transform:
  m_ObjectHideFlags: 0
  m_CorrespondingSourceObject: {fileID: 0}
  m_PrefabInstance: {fileID: 0}
  m_PrefabAsset: {fileID: 0}
  m_GameObject: {fileID: 2538644107419997801}
  m_LocalRotation: {x: 0, y: -0, z: -0, w: 1}
  m_LocalPosition: {x: -0, y: 0, z: 0}
  m_LocalScale: {x: 1, y: 1, z: 1}
  m_Children: []
  m_Father: {fileID: 4060686352639654134}
  m_RootOrder: 10
  m_LocalEulerAnglesHint: {x: 0, y: 0, z: 0}
--- !u!137 &8346140606769292495
SkinnedMeshRenderer:
  m_ObjectHideFlags: 0
  m_CorrespondingSourceObject: {fileID: 0}
  m_PrefabInstance: {fileID: 0}
  m_PrefabAsset: {fileID: 0}
  m_GameObject: {fileID: 2538644107419997801}
  m_Enabled: 1
  m_CastShadows: 1
  m_ReceiveShadows: 1
  m_DynamicOccludee: 1
  m_MotionVectors: 1
  m_LightProbeUsage: 1
  m_ReflectionProbeUsage: 1
  m_RenderingLayerMask: 1
  m_RendererPriority: 0
  m_Materials:
  - {fileID: 2100000, guid: 7b09a69d79e770946b3b76eee6068c65, type: 2}
  m_StaticBatchInfo:
    firstSubMesh: 0
    subMeshCount: 0
  m_StaticBatchRoot: {fileID: 0}
  m_ProbeAnchor: {fileID: 0}
  m_LightProbeVolumeOverride: {fileID: 0}
  m_ScaleInLightmap: 1
  m_ReceiveGI: 1
  m_PreserveUVs: 0
  m_IgnoreNormalsForChartDetection: 0
  m_ImportantGI: 0
  m_StitchLightmapSeams: 1
  m_SelectedEditorRenderState: 3
  m_MinimumChartSize: 4
  m_AutoUVMaxDistance: 0.5
  m_AutoUVMaxAngle: 89
  m_LightmapParameters: {fileID: 0}
  m_SortingLayerID: 0
  m_SortingLayer: 0
  m_SortingOrder: 0
  serializedVersion: 2
  m_Quality: 0
  m_UpdateWhenOffscreen: 0
  m_SkinnedMotionVectors: 1
  m_Mesh: {fileID: -7613332433117009229, guid: 1bf7b5e223a46c1439be74855a57367a, type: 3}
  m_Bones:
  - {fileID: 2966256439752763745}
  - {fileID: 6079100651027357185}
  - {fileID: 2663676314775936385}
  m_BlendShapeWeights: []
  m_RootBone: {fileID: 2663676314775936385}
  m_AABB:
    m_Center: {x: 0.0045808963, y: 0.08207187, z: 0.083776206}
    m_Extent: {x: 0.04521629, y: 0.056523293, z: 0.042241305}
  m_DirtyAABB: 0
--- !u!1 &2934108562002111759
GameObject:
  m_ObjectHideFlags: 0
  m_CorrespondingSourceObject: {fileID: 0}
  m_PrefabInstance: {fileID: 0}
  m_PrefabAsset: {fileID: 0}
  serializedVersion: 6
  m_Component:
  - component: {fileID: 4578005276594937814}
  m_Layer: 0
  m_Name: mixamorig:Spine
  m_TagString: Untagged
  m_Icon: {fileID: 0}
  m_NavMeshLayer: 0
  m_StaticEditorFlags: 0
  m_IsActive: 1
--- !u!4 &4578005276594937814
Transform:
  m_ObjectHideFlags: 0
  m_CorrespondingSourceObject: {fileID: 0}
  m_PrefabInstance: {fileID: 0}
  m_PrefabAsset: {fileID: 0}
  m_GameObject: {fileID: 2934108562002111759}
  m_LocalRotation: {x: -0.048867147, y: 0.000186859, z: 0.00070910185, w: 0.99880505}
  m_LocalPosition: {x: -0, y: 0.039361686, z: -0.0044628964}
  m_LocalScale: {x: 1, y: 1, z: 1}
  m_Children:
  - {fileID: 840789776718178212}
  m_Father: {fileID: 4584847316618271344}
  m_RootOrder: 2
  m_LocalEulerAnglesHint: {x: -4.327906, y: -1.7187794, z: -4.166568}
--- !u!1 &2970812890081658065
GameObject:
  m_ObjectHideFlags: 0
  m_CorrespondingSourceObject: {fileID: 0}
  m_PrefabInstance: {fileID: 0}
  m_PrefabAsset: {fileID: 0}
  serializedVersion: 6
  m_Component:
  - component: {fileID: 1445737806762660202}
  - component: {fileID: 5556806055908913020}
  m_Layer: 0
  m_Name: polySurface2Realistic_White_Male_Low_Poly1
  m_TagString: Untagged
  m_Icon: {fileID: 0}
  m_NavMeshLayer: 0
  m_StaticEditorFlags: 0
  m_IsActive: 1
--- !u!4 &1445737806762660202
Transform:
  m_ObjectHideFlags: 0
  m_CorrespondingSourceObject: {fileID: 0}
  m_PrefabInstance: {fileID: 0}
  m_PrefabAsset: {fileID: 0}
  m_GameObject: {fileID: 2970812890081658065}
  m_LocalRotation: {x: 0, y: -0, z: -0, w: 1}
  m_LocalPosition: {x: -0, y: 0, z: 0}
  m_LocalScale: {x: 1, y: 1, z: 1}
  m_Children: []
  m_Father: {fileID: 4060686352639654134}
  m_RootOrder: 4
  m_LocalEulerAnglesHint: {x: 0, y: 0, z: 0}
--- !u!137 &5556806055908913020
SkinnedMeshRenderer:
  m_ObjectHideFlags: 0
  m_CorrespondingSourceObject: {fileID: 0}
  m_PrefabInstance: {fileID: 0}
  m_PrefabAsset: {fileID: 0}
  m_GameObject: {fileID: 2970812890081658065}
  m_Enabled: 1
  m_CastShadows: 1
  m_ReceiveShadows: 1
  m_DynamicOccludee: 1
  m_MotionVectors: 1
  m_LightProbeUsage: 1
  m_ReflectionProbeUsage: 1
  m_RenderingLayerMask: 1
  m_RendererPriority: 0
  m_Materials:
  - {fileID: 2100000, guid: a67257bf9e9ad174985ce546ad6d84ca, type: 2}
  m_StaticBatchInfo:
    firstSubMesh: 0
    subMeshCount: 0
  m_StaticBatchRoot: {fileID: 0}
  m_ProbeAnchor: {fileID: 0}
  m_LightProbeVolumeOverride: {fileID: 0}
  m_ScaleInLightmap: 1
  m_ReceiveGI: 1
  m_PreserveUVs: 0
  m_IgnoreNormalsForChartDetection: 0
  m_ImportantGI: 0
  m_StitchLightmapSeams: 1
  m_SelectedEditorRenderState: 3
  m_MinimumChartSize: 4
  m_AutoUVMaxDistance: 0.5
  m_AutoUVMaxAngle: 89
  m_LightmapParameters: {fileID: 0}
  m_SortingLayerID: 0
  m_SortingLayer: 0
  m_SortingOrder: 0
  serializedVersion: 2
  m_Quality: 0
  m_UpdateWhenOffscreen: 0
  m_SkinnedMotionVectors: 1
  m_Mesh: {fileID: 138379013705010656, guid: 1bf7b5e223a46c1439be74855a57367a, type: 3}
  m_Bones:
  - {fileID: 840789776718178212}
  - {fileID: 2663676314775936385}
  - {fileID: 7065722292838931958}
  - {fileID: 2828012710291264913}
  - {fileID: 1988794385766713353}
  - {fileID: 2966256439752763745}
  - {fileID: 7950131398919463187}
  - {fileID: 828203595439064653}
  - {fileID: 1424742496815720342}
  - {fileID: 5325650858377014350}
  m_BlendShapeWeights: []
  m_RootBone: {fileID: 840789776718178212}
  m_AABB:
    m_Center: {x: -0.00088743865, y: 0.09179413, z: 0.0033146217}
    m_Extent: {x: 0.13021497, y: 0.064320266, z: 0.07002697}
  m_DirtyAABB: 0
--- !u!1 &3236869462351595875
GameObject:
  m_ObjectHideFlags: 0
  m_CorrespondingSourceObject: {fileID: 0}
  m_PrefabInstance: {fileID: 0}
  m_PrefabAsset: {fileID: 0}
  serializedVersion: 6
  m_Component:
  - component: {fileID: 5318247808542136733}
  m_Layer: 0
  m_Name: mixamorig:LeftHandIndex4
  m_TagString: Untagged
  m_Icon: {fileID: 0}
  m_NavMeshLayer: 0
  m_StaticEditorFlags: 0
  m_IsActive: 1
--- !u!4 &5318247808542136733
Transform:
  m_ObjectHideFlags: 0
  m_CorrespondingSourceObject: {fileID: 0}
  m_PrefabInstance: {fileID: 0}
  m_PrefabAsset: {fileID: 0}
  m_GameObject: {fileID: 3236869462351595875}
  m_LocalRotation: {x: 0, y: -0, z: -0, w: 1}
  m_LocalPosition: {x: 0.0014622898, y: 0.009739393, z: 0.000013957864}
  m_LocalScale: {x: 1, y: 1, z: 1}
  m_Children: []
  m_Father: {fileID: 2765675217562099965}
  m_RootOrder: 0
  m_LocalEulerAnglesHint: {x: 0, y: 0, z: 0}
--- !u!1 &3546385237151904734
GameObject:
  m_ObjectHideFlags: 0
  m_CorrespondingSourceObject: {fileID: 0}
  m_PrefabInstance: {fileID: 0}
  m_PrefabAsset: {fileID: 0}
  serializedVersion: 6
  m_Component:
  - component: {fileID: 3481728462372330353}
  - component: {fileID: 4104959097708275396}
  m_Layer: 0
  m_Name: polySurface16
  m_TagString: Untagged
  m_Icon: {fileID: 0}
  m_NavMeshLayer: 0
  m_StaticEditorFlags: 0
  m_IsActive: 1
--- !u!4 &3481728462372330353
Transform:
  m_ObjectHideFlags: 0
  m_CorrespondingSourceObject: {fileID: 0}
  m_PrefabInstance: {fileID: 0}
  m_PrefabAsset: {fileID: 0}
  m_GameObject: {fileID: 3546385237151904734}
  m_LocalRotation: {x: 0, y: -0, z: -0, w: 1}
  m_LocalPosition: {x: -0, y: 0, z: 0}
  m_LocalScale: {x: 1, y: 1, z: 1}
  m_Children: []
  m_Father: {fileID: 4060686352639654134}
  m_RootOrder: 5
  m_LocalEulerAnglesHint: {x: 0, y: 0, z: 0}
--- !u!137 &4104959097708275396
SkinnedMeshRenderer:
  m_ObjectHideFlags: 0
  m_CorrespondingSourceObject: {fileID: 0}
  m_PrefabInstance: {fileID: 0}
  m_PrefabAsset: {fileID: 0}
  m_GameObject: {fileID: 3546385237151904734}
  m_Enabled: 1
  m_CastShadows: 1
  m_ReceiveShadows: 1
  m_DynamicOccludee: 1
  m_MotionVectors: 1
  m_LightProbeUsage: 1
  m_ReflectionProbeUsage: 1
  m_RenderingLayerMask: 1
  m_RendererPriority: 0
  m_Materials:
  - {fileID: 2100000, guid: c1a04fa3786d76f4189641eaf40a47bb, type: 2}
  m_StaticBatchInfo:
    firstSubMesh: 0
    subMeshCount: 0
  m_StaticBatchRoot: {fileID: 0}
  m_ProbeAnchor: {fileID: 0}
  m_LightProbeVolumeOverride: {fileID: 0}
  m_ScaleInLightmap: 1
  m_ReceiveGI: 1
  m_PreserveUVs: 0
  m_IgnoreNormalsForChartDetection: 0
  m_ImportantGI: 0
  m_StitchLightmapSeams: 1
  m_SelectedEditorRenderState: 3
  m_MinimumChartSize: 4
  m_AutoUVMaxDistance: 0.5
  m_AutoUVMaxAngle: 89
  m_LightmapParameters: {fileID: 0}
  m_SortingLayerID: 0
  m_SortingLayer: 0
  m_SortingOrder: 0
  serializedVersion: 2
  m_Quality: 0
  m_UpdateWhenOffscreen: 0
  m_SkinnedMotionVectors: 1
  m_Mesh: {fileID: -1116444134294172880, guid: 1bf7b5e223a46c1439be74855a57367a, type: 3}
  m_Bones:
  - {fileID: 6053341197020093424}
  - {fileID: 135370428951061081}
  - {fileID: 8422120053514786641}
  - {fileID: 1248184009995268881}
  - {fileID: 7746490497612169870}
  - {fileID: 7759778236791442869}
  - {fileID: 2665507881591881241}
  - {fileID: 4782889926375081625}
  m_BlendShapeWeights: []
  m_RootBone: {fileID: 4782889926375081625}
  m_AABB:
    m_Center: {x: -0.09524748, y: 0.26786, z: -0.06370846}
    m_Extent: {x: 0.12745553, y: 0.122301586, z: 0.11839961}
  m_DirtyAABB: 0
--- !u!1 &4034911034754846590
GameObject:
  m_ObjectHideFlags: 0
  m_CorrespondingSourceObject: {fileID: 0}
  m_PrefabInstance: {fileID: 0}
  m_PrefabAsset: {fileID: 0}
  serializedVersion: 6
  m_Component:
  - component: {fileID: 2043131617360954618}
  m_Layer: 0
  m_Name: mixamorig:RightHandIndex4
  m_TagString: Untagged
  m_Icon: {fileID: 0}
  m_NavMeshLayer: 0
  m_StaticEditorFlags: 0
  m_IsActive: 1
--- !u!4 &2043131617360954618
Transform:
  m_ObjectHideFlags: 0
  m_CorrespondingSourceObject: {fileID: 0}
  m_PrefabInstance: {fileID: 0}
  m_PrefabAsset: {fileID: 0}
  m_GameObject: {fileID: 4034911034754846590}
  m_LocalRotation: {x: 0, y: -0, z: -0, w: 1}
  m_LocalPosition: {x: -0.0006905592, y: 0.008733834, z: 0.003954789}
  m_LocalScale: {x: 1, y: 1, z: 1}
  m_Children: []
  m_Father: {fileID: 1574606090447715823}
  m_RootOrder: 0
  m_LocalEulerAnglesHint: {x: 0, y: 0, z: 0}
--- !u!1 &4408717951683861722
GameObject:
  m_ObjectHideFlags: 0
  m_CorrespondingSourceObject: {fileID: 0}
  m_PrefabInstance: {fileID: 0}
  m_PrefabAsset: {fileID: 0}
  serializedVersion: 6
  m_Component:
  - component: {fileID: 2663676314775936385}
  m_Layer: 0
  m_Name: mixamorig:Spine2
  m_TagString: Untagged
  m_Icon: {fileID: 0}
  m_NavMeshLayer: 0
  m_StaticEditorFlags: 0
  m_IsActive: 1
--- !u!4 &2663676314775936385
Transform:
  m_ObjectHideFlags: 0
  m_CorrespondingSourceObject: {fileID: 0}
  m_PrefabInstance: {fileID: 0}
  m_PrefabAsset: {fileID: 0}
  m_GameObject: {fileID: 4408717951683861722}
  m_LocalRotation: {x: 0.015944257, y: 0.00037573872, z: 0.0011325144, w: 0.9998722}
  m_LocalPosition: {x: -0, y: 0.052818563, z: 8.135438e-11}
  m_LocalScale: {x: 1, y: 1, z: 1}
  m_Children:
  - {fileID: 7950131398919463187}
  - {fileID: 2966256439752763745}
  - {fileID: 7065722292838931958}
  m_Father: {fileID: 840789776718178212}
  m_RootOrder: 0
  m_LocalEulerAnglesHint: {x: -2.6716537, y: -0.20223612, z: -0.5553856}
--- !u!1 &4416514670581133260
GameObject:
  m_ObjectHideFlags: 0
  m_CorrespondingSourceObject: {fileID: 0}
  m_PrefabInstance: {fileID: 0}
  m_PrefabAsset: {fileID: 0}
  serializedVersion: 6
  m_Component:
  - component: {fileID: 5371568525130273554}
  - component: {fileID: 1151139792538880979}
  m_Layer: 0
  m_Name: Dunhill_low
  m_TagString: Untagged
  m_Icon: {fileID: 0}
  m_NavMeshLayer: 0
  m_StaticEditorFlags: 0
  m_IsActive: 1
--- !u!4 &5371568525130273554
Transform:
  m_ObjectHideFlags: 0
  m_CorrespondingSourceObject: {fileID: 0}
  m_PrefabInstance: {fileID: 0}
  m_PrefabAsset: {fileID: 0}
  m_GameObject: {fileID: 4416514670581133260}
  m_LocalRotation: {x: 0, y: -0, z: -0, w: 1}
  m_LocalPosition: {x: -0, y: 0, z: 0}
  m_LocalScale: {x: 1, y: 1, z: 1}
  m_Children: []
  m_Father: {fileID: 4060686352639654134}
  m_RootOrder: 1
  m_LocalEulerAnglesHint: {x: 0, y: 0, z: 0}
--- !u!137 &1151139792538880979
SkinnedMeshRenderer:
  m_ObjectHideFlags: 0
  m_CorrespondingSourceObject: {fileID: 0}
  m_PrefabInstance: {fileID: 0}
  m_PrefabAsset: {fileID: 0}
  m_GameObject: {fileID: 4416514670581133260}
  m_Enabled: 1
  m_CastShadows: 1
  m_ReceiveShadows: 1
  m_DynamicOccludee: 1
  m_MotionVectors: 1
  m_LightProbeUsage: 1
  m_ReflectionProbeUsage: 1
  m_RenderingLayerMask: 1
  m_RendererPriority: 0
  m_Materials:
  - {fileID: 2100000, guid: 5b6e6e3f857943c4bb0d547228b411df, type: 2}
  m_StaticBatchInfo:
    firstSubMesh: 0
    subMeshCount: 0
  m_StaticBatchRoot: {fileID: 0}
  m_ProbeAnchor: {fileID: 0}
  m_LightProbeVolumeOverride: {fileID: 0}
  m_ScaleInLightmap: 1
  m_ReceiveGI: 1
  m_PreserveUVs: 0
  m_IgnoreNormalsForChartDetection: 0
  m_ImportantGI: 0
  m_StitchLightmapSeams: 1
  m_SelectedEditorRenderState: 3
  m_MinimumChartSize: 4
  m_AutoUVMaxDistance: 0.5
  m_AutoUVMaxAngle: 89
  m_LightmapParameters: {fileID: 0}
  m_SortingLayerID: 0
  m_SortingLayer: 0
  m_SortingOrder: 0
  serializedVersion: 2
  m_Quality: 0
  m_UpdateWhenOffscreen: 0
  m_SkinnedMotionVectors: 1
  m_Mesh: {fileID: 214184275830889109, guid: 1bf7b5e223a46c1439be74855a57367a, type: 3}
  m_Bones:
  - {fileID: 2663676314775936385}
  - {fileID: 2966256439752763745}
  - {fileID: 7065722292838931958}
  - {fileID: 2828012710291264913}
  - {fileID: 840789776718178212}
  - {fileID: 6079100651027357185}
  - {fileID: 7950131398919463187}
  - {fileID: 828203595439064653}
  - {fileID: 5325650858377014350}
  - {fileID: 3114630398542544061}
  - {fileID: 7469779461273947410}
  - {fileID: 1424742496815720342}
  - {fileID: 2765675217562099965}
  - {fileID: 3346139400726790037}
  - {fileID: 9157449924536958761}
  - {fileID: 8887881186677380683}
  - {fileID: 1988794385766713353}
  - {fileID: 1574606090447715823}
  m_BlendShapeWeights: []
  m_RootBone: {fileID: 840789776718178212}
  m_AABB:
    m_Center: {x: -0.007080391, y: 0.03620165, z: 0.031821698}
    m_Extent: {x: 0.15612979, y: 0.21792287, z: 0.06824888}
  m_DirtyAABB: 0
--- !u!1 &4661798869327633041
GameObject:
  m_ObjectHideFlags: 0
  m_CorrespondingSourceObject: {fileID: 0}
  m_PrefabInstance: {fileID: 0}
  m_PrefabAsset: {fileID: 0}
  serializedVersion: 6
  m_Component:
  - component: {fileID: 6079100651027357185}
  m_Layer: 0
  m_Name: mixamorig:Head
  m_TagString: Untagged
  m_Icon: {fileID: 0}
  m_NavMeshLayer: 0
  m_StaticEditorFlags: 0
  m_IsActive: 1
--- !u!4 &6079100651027357185
Transform:
  m_ObjectHideFlags: 0
  m_CorrespondingSourceObject: {fileID: 0}
  m_PrefabInstance: {fileID: 0}
  m_PrefabAsset: {fileID: 0}
  m_GameObject: {fileID: 4661798869327633041}
  m_LocalRotation: {x: -0.05124728, y: 0.039014746, z: 0.0026610435, w: 0.9979201}
  m_LocalPosition: {x: -0, y: 0.041893538, z: 0.016690334}
  m_LocalScale: {x: 1, y: 1, z: 1}
  m_Children:
  - {fileID: 3918913841283993732}
  m_Father: {fileID: 2966256439752763745}
  m_RootOrder: 0
  m_LocalEulerAnglesHint: {x: -15.630798, y: 2.2455056, z: 5.378932}
--- !u!1 &4680157735460839519
GameObject:
  m_ObjectHideFlags: 0
  m_CorrespondingSourceObject: {fileID: 0}
  m_PrefabInstance: {fileID: 0}
  m_PrefabAsset: {fileID: 0}
  serializedVersion: 6
  m_Component:
  - component: {fileID: 9157449924536958761}
  m_Layer: 0
  m_Name: mixamorig:RightHandIndex1
  m_TagString: Untagged
  m_Icon: {fileID: 0}
  m_NavMeshLayer: 0
  m_StaticEditorFlags: 0
  m_IsActive: 1
--- !u!4 &9157449924536958761
Transform:
  m_ObjectHideFlags: 0
  m_CorrespondingSourceObject: {fileID: 0}
  m_PrefabInstance: {fileID: 0}
  m_PrefabAsset: {fileID: 0}
  m_GameObject: {fileID: 4680157735460839519}
  m_LocalRotation: {x: 0.6600123, y: -0.019261086, z: -0.0058633606, w: 0.75098497}
  m_LocalPosition: {x: -6.7576816e-10, y: 0.057555918, z: 1.3888428e-10}
  m_LocalScale: {x: 1, y: 1, z: 1}
  m_Children:
  - {fileID: 8887881186677380683}
  m_Father: {fileID: 3346139400726790037}
  m_RootOrder: 0
  m_LocalEulerAnglesHint: {x: 61.30399, y: 1.0804123, z: 4.512746}
--- !u!1 &5023182126888647828
GameObject:
  m_ObjectHideFlags: 0
  m_CorrespondingSourceObject: {fileID: 0}
  m_PrefabInstance: {fileID: 0}
  m_PrefabAsset: {fileID: 0}
  serializedVersion: 6
  m_Component:
  - component: {fileID: 8887881186677380683}
  m_Layer: 0
  m_Name: mixamorig:RightHandIndex2
  m_TagString: Untagged
  m_Icon: {fileID: 0}
  m_NavMeshLayer: 0
  m_StaticEditorFlags: 0
  m_IsActive: 1
--- !u!4 &8887881186677380683
Transform:
  m_ObjectHideFlags: 0
  m_CorrespondingSourceObject: {fileID: 0}
  m_PrefabInstance: {fileID: 0}
  m_PrefabAsset: {fileID: 0}
  m_GameObject: {fileID: 5023182126888647828}
  m_LocalRotation: {x: 0.7854526, y: -0.005298939, z: -0.029427366, w: 0.61819917}
  m_LocalPosition: {x: -6.1129365e-12, y: 0.007328417, z: -4.8031374e-11}
  m_LocalScale: {x: 1, y: 1, z: 1}
  m_Children:
  - {fileID: 1574606090447715823}
  m_Father: {fileID: 9157449924536958761}
  m_RootOrder: 0
  m_LocalEulerAnglesHint: {x: 48.689854, y: 6.8474813, z: 14.232427}
--- !u!1 &5060375567158477764
GameObject:
  m_ObjectHideFlags: 0
  m_CorrespondingSourceObject: {fileID: 0}
  m_PrefabInstance: {fileID: 0}
  m_PrefabAsset: {fileID: 0}
  serializedVersion: 6
  m_Component:
  - component: {fileID: 2665507881591881241}
  m_Layer: 0
  m_Name: mixamorig:LeftLeg
  m_TagString: Untagged
  m_Icon: {fileID: 0}
  m_NavMeshLayer: 0
  m_StaticEditorFlags: 0
  m_IsActive: 1
--- !u!4 &2665507881591881241
Transform:
  m_ObjectHideFlags: 0
  m_CorrespondingSourceObject: {fileID: 0}
  m_PrefabInstance: {fileID: 0}
  m_PrefabAsset: {fileID: 0}
  m_GameObject: {fileID: 5060375567158477764}
  m_LocalRotation: {x: -0.22344565, y: -0.07793637, z: 0.049340136, w: 0.970342}
  m_LocalPosition: {x: 9.095167e-11, y: 0.16692267, z: 1.8087774e-10}
  m_LocalScale: {x: 1, y: 1, z: 1}
  m_Children:
  - {fileID: 7746490497612169870}
  m_Father: {fileID: 4782889926375081625}
  m_RootOrder: 0
  m_LocalEulerAnglesHint: {x: -24.600353, y: -3.8077195, z: -5.9755363}
--- !u!1 &5286424247324145437
GameObject:
  m_ObjectHideFlags: 0
  m_CorrespondingSourceObject: {fileID: 0}
  m_PrefabInstance: {fileID: 0}
  m_PrefabAsset: {fileID: 0}
  serializedVersion: 6
  m_Component:
  - component: {fileID: 840789776718178212}
  m_Layer: 0
  m_Name: mixamorig:Spine1
  m_TagString: Untagged
  m_Icon: {fileID: 0}
  m_NavMeshLayer: 0
  m_StaticEditorFlags: 0
  m_IsActive: 1
--- !u!4 &840789776718178212
Transform:
  m_ObjectHideFlags: 0
  m_CorrespondingSourceObject: {fileID: 0}
  m_PrefabInstance: {fileID: 0}
  m_PrefabAsset: {fileID: 0}
  m_GameObject: {fileID: 5286424247324145437}
  m_LocalRotation: {x: 0.01594427, y: 0.00037397182, z: 0.0011326117, w: 0.9998722}
  m_LocalPosition: {x: -0, y: 0.046216205, z: 1.3502798e-12}
  m_LocalScale: {x: 1, y: 1, z: 1}
  m_Children:
  - {fileID: 2663676314775936385}
  m_Father: {fileID: 4578005276594937814}
  m_RootOrder: 0
  m_LocalEulerAnglesHint: {x: -2.0825615, y: -0.30507857, z: -0.29465616}
--- !u!1 &5294385691484495157
GameObject:
  m_ObjectHideFlags: 0
  m_CorrespondingSourceObject: {fileID: 0}
  m_PrefabInstance: {fileID: 0}
  m_PrefabAsset: {fileID: 0}
  serializedVersion: 6
  m_Component:
  - component: {fileID: 1316511044992511710}
  - component: {fileID: 5704695839670907607}
  m_Layer: 0
  m_Name: polySurface1polySurface25
  m_TagString: Untagged
  m_Icon: {fileID: 0}
  m_NavMeshLayer: 0
  m_StaticEditorFlags: 0
  m_IsActive: 1
--- !u!4 &1316511044992511710
Transform:
  m_ObjectHideFlags: 0
  m_CorrespondingSourceObject: {fileID: 0}
  m_PrefabInstance: {fileID: 0}
  m_PrefabAsset: {fileID: 0}
  m_GameObject: {fileID: 5294385691484495157}
  m_LocalRotation: {x: 0, y: -0, z: -0, w: 1}
  m_LocalPosition: {x: -0, y: 0, z: 0}
  m_LocalScale: {x: 1, y: 1, z: 1}
  m_Children: []
  m_Father: {fileID: 4060686352639654134}
  m_RootOrder: 3
  m_LocalEulerAnglesHint: {x: 0, y: 0, z: 0}
--- !u!137 &5704695839670907607
SkinnedMeshRenderer:
  m_ObjectHideFlags: 0
  m_CorrespondingSourceObject: {fileID: 0}
  m_PrefabInstance: {fileID: 0}
  m_PrefabAsset: {fileID: 0}
  m_GameObject: {fileID: 5294385691484495157}
  m_Enabled: 1
  m_CastShadows: 1
  m_ReceiveShadows: 1
  m_DynamicOccludee: 1
  m_MotionVectors: 1
  m_LightProbeUsage: 1
  m_ReflectionProbeUsage: 1
  m_RenderingLayerMask: 1
  m_RendererPriority: 0
  m_Materials:
  - {fileID: 2100000, guid: 8cc9a616dee9d4f4c8ce2ae72e5b5079, type: 2}
  m_StaticBatchInfo:
    firstSubMesh: 0
    subMeshCount: 0
  m_StaticBatchRoot: {fileID: 0}
  m_ProbeAnchor: {fileID: 0}
  m_LightProbeVolumeOverride: {fileID: 0}
  m_ScaleInLightmap: 1
  m_ReceiveGI: 1
  m_PreserveUVs: 0
  m_IgnoreNormalsForChartDetection: 0
  m_ImportantGI: 0
  m_StitchLightmapSeams: 1
  m_SelectedEditorRenderState: 3
  m_MinimumChartSize: 4
  m_AutoUVMaxDistance: 0.5
  m_AutoUVMaxAngle: 89
  m_LightmapParameters: {fileID: 0}
  m_SortingLayerID: 0
  m_SortingLayer: 0
  m_SortingOrder: 0
  serializedVersion: 2
  m_Quality: 0
  m_UpdateWhenOffscreen: 0
  m_SkinnedMotionVectors: 1
  m_Mesh: {fileID: 7911569425510949709, guid: 1bf7b5e223a46c1439be74855a57367a, type: 3}
  m_Bones:
  - {fileID: 4578005276594937814}
  - {fileID: 4584847316618271344}
  - {fileID: 1248184009995268881}
  - {fileID: 4782889926375081625}
  - {fileID: 8422120053514786641}
  - {fileID: 6053341197020093424}
  - {fileID: 2665507881591881241}
  - {fileID: 7746490497612169870}
  m_BlendShapeWeights: []
  m_RootBone: {fileID: 4584847316618271344}
  m_AABB:
    m_Center: {x: 0.00042552873, y: -0.118828416, z: 0.0076873824}
    m_Extent: {x: 0.12165424, y: 0.15447503, z: 0.07786324}
  m_DirtyAABB: 0
--- !u!1 &5294556991924431448
GameObject:
  m_ObjectHideFlags: 0
  m_CorrespondingSourceObject: {fileID: 0}
  m_PrefabInstance: {fileID: 0}
  m_PrefabAsset: {fileID: 0}
  serializedVersion: 6
  m_Component:
  - component: {fileID: 2828012710291264913}
  m_Layer: 0
  m_Name: mixamorig:RightArm
  m_TagString: Untagged
  m_Icon: {fileID: 0}
  m_NavMeshLayer: 0
  m_StaticEditorFlags: 0
  m_IsActive: 1
--- !u!4 &2828012710291264913
Transform:
  m_ObjectHideFlags: 0
  m_CorrespondingSourceObject: {fileID: 0}
  m_PrefabInstance: {fileID: 0}
  m_PrefabAsset: {fileID: 0}
  m_GameObject: {fileID: 5294556991924431448}
  m_LocalRotation: {x: 0.510322, y: 0.15315613, z: 0.12472118, w: 0.83699423}
  m_LocalPosition: {x: -1.7708186e-10, y: 0.049204983, z: -0.0000000015885084}
  m_LocalScale: {x: 1, y: 1, z: 1}
  m_Children:
  - {fileID: 1988794385766713353}
  m_Father: {fileID: 7065722292838931958}
  m_RootOrder: 0
  m_LocalEulerAnglesHint: {x: 26.629606, y: -31.442783, z: -6.945139}
--- !u!1 &5731759312509620947
GameObject:
  m_ObjectHideFlags: 0
  m_CorrespondingSourceObject: {fileID: 0}
  m_PrefabInstance: {fileID: 0}
  m_PrefabAsset: {fileID: 0}
  serializedVersion: 6
  m_Component:
  - component: {fileID: 2099416590831148295}
  - component: {fileID: 6341679272053119195}
  - component: {fileID: 2315142600906637}
  m_Layer: 0
  m_Name: pCylinder4
  m_TagString: Untagged
  m_Icon: {fileID: 0}
  m_NavMeshLayer: 0
  m_StaticEditorFlags: 0
  m_IsActive: 1
--- !u!4 &2099416590831148295
Transform:
  m_ObjectHideFlags: 0
  m_CorrespondingSourceObject: {fileID: 0}
  m_PrefabInstance: {fileID: 0}
  m_PrefabAsset: {fileID: 0}
  m_GameObject: {fileID: 5731759312509620947}
  m_LocalRotation: {x: 0, y: -0, z: -0, w: 1}
  m_LocalPosition: {x: -0, y: 0, z: 0}
  m_LocalScale: {x: 1, y: 1, z: 1}
  m_Children: []
  m_Father: {fileID: 7073674975045975091}
  m_RootOrder: 1
  m_LocalEulerAnglesHint: {x: 0, y: 0, z: 0}
--- !u!33 &6341679272053119195
MeshFilter:
  m_ObjectHideFlags: 0
  m_CorrespondingSourceObject: {fileID: 0}
  m_PrefabInstance: {fileID: 0}
  m_PrefabAsset: {fileID: 0}
  m_GameObject: {fileID: 5731759312509620947}
  m_Mesh: {fileID: 8211372540250625004, guid: ca0900dfbf97f9b4a9d7961e40f2af3a, type: 3}
--- !u!23 &2315142600906637
MeshRenderer:
  m_ObjectHideFlags: 0
  m_CorrespondingSourceObject: {fileID: 0}
  m_PrefabInstance: {fileID: 0}
  m_PrefabAsset: {fileID: 0}
  m_GameObject: {fileID: 5731759312509620947}
  m_Enabled: 1
  m_CastShadows: 1
  m_ReceiveShadows: 1
  m_DynamicOccludee: 1
  m_MotionVectors: 1
  m_LightProbeUsage: 1
  m_ReflectionProbeUsage: 1
  m_RenderingLayerMask: 1
  m_RendererPriority: 0
  m_Materials:
  - {fileID: 2100000, guid: ac7e31ec9db62bb44b5ce57cddbf2153, type: 2}
  m_StaticBatchInfo:
    firstSubMesh: 0
    subMeshCount: 0
  m_StaticBatchRoot: {fileID: 0}
  m_ProbeAnchor: {fileID: 0}
  m_LightProbeVolumeOverride: {fileID: 0}
  m_ScaleInLightmap: 1
  m_ReceiveGI: 1
  m_PreserveUVs: 0
  m_IgnoreNormalsForChartDetection: 0
  m_ImportantGI: 0
  m_StitchLightmapSeams: 1
  m_SelectedEditorRenderState: 3
  m_MinimumChartSize: 4
  m_AutoUVMaxDistance: 0.5
  m_AutoUVMaxAngle: 89
  m_LightmapParameters: {fileID: 0}
  m_SortingLayerID: 0
  m_SortingLayer: 0
  m_SortingOrder: 0
--- !u!1 &5889864085615274415
GameObject:
  m_ObjectHideFlags: 0
  m_CorrespondingSourceObject: {fileID: 0}
  m_PrefabInstance: {fileID: 0}
  m_PrefabAsset: {fileID: 0}
  serializedVersion: 6
  m_Component:
  - component: {fileID: 7469779461273947410}
  m_Layer: 0
  m_Name: mixamorig:LeftHandIndex2
  m_TagString: Untagged
  m_Icon: {fileID: 0}
  m_NavMeshLayer: 0
  m_StaticEditorFlags: 0
  m_IsActive: 1
--- !u!4 &7469779461273947410
Transform:
  m_ObjectHideFlags: 0
  m_CorrespondingSourceObject: {fileID: 0}
  m_PrefabInstance: {fileID: 0}
  m_PrefabAsset: {fileID: 0}
  m_GameObject: {fileID: 5889864085615274415}
  m_LocalRotation: {x: 0.6259407, y: -0.09445908, z: -0.43095767, w: 0.6430795}
  m_LocalPosition: {x: 7.906182e-11, y: 0.0078679845, z: 5.960908e-11}
  m_LocalScale: {x: 1, y: 1, z: 1}
  m_Children:
  - {fileID: 2765675217562099965}
  m_Father: {fileID: 3114630398542544061}
  m_RootOrder: 0
  m_LocalEulerAnglesHint: {x: 38.709587, y: -32.786743, z: -55.699047}
--- !u!1 &5903589990504317241
GameObject:
  m_ObjectHideFlags: 0
  m_CorrespondingSourceObject: {fileID: 0}
  m_PrefabInstance: {fileID: 0}
  m_PrefabAsset: {fileID: 0}
  serializedVersion: 6
  m_Component:
  - component: {fileID: 1167416541803176906}
  - component: {fileID: 8528673584108311751}
  m_Layer: 0
  m_Name: polySurface30
  m_TagString: Untagged
  m_Icon: {fileID: 0}
  m_NavMeshLayer: 0
  m_StaticEditorFlags: 0
  m_IsActive: 1
--- !u!4 &1167416541803176906
Transform:
  m_ObjectHideFlags: 0
  m_CorrespondingSourceObject: {fileID: 0}
  m_PrefabInstance: {fileID: 0}
  m_PrefabAsset: {fileID: 0}
  m_GameObject: {fileID: 5903589990504317241}
  m_LocalRotation: {x: 0, y: -0, z: -0, w: 1}
  m_LocalPosition: {x: -0, y: 0, z: 0}
  m_LocalScale: {x: 1, y: 1, z: 1}
  m_Children: []
  m_Father: {fileID: 4060686352639654134}
  m_RootOrder: 9
  m_LocalEulerAnglesHint: {x: 0, y: 0, z: 0}
--- !u!137 &8528673584108311751
SkinnedMeshRenderer:
  m_ObjectHideFlags: 0
  m_CorrespondingSourceObject: {fileID: 0}
  m_PrefabInstance: {fileID: 0}
  m_PrefabAsset: {fileID: 0}
  m_GameObject: {fileID: 5903589990504317241}
  m_Enabled: 1
  m_CastShadows: 1
  m_ReceiveShadows: 1
  m_DynamicOccludee: 1
  m_MotionVectors: 1
  m_LightProbeUsage: 1
  m_ReflectionProbeUsage: 1
  m_RenderingLayerMask: 1
  m_RendererPriority: 0
  m_Materials:
  - {fileID: 2100000, guid: 7ded3541af7a7674bb14bce2fcf48fe4, type: 2}
  m_StaticBatchInfo:
    firstSubMesh: 0
    subMeshCount: 0
  m_StaticBatchRoot: {fileID: 0}
  m_ProbeAnchor: {fileID: 0}
  m_LightProbeVolumeOverride: {fileID: 0}
  m_ScaleInLightmap: 1
  m_ReceiveGI: 1
  m_PreserveUVs: 0
  m_IgnoreNormalsForChartDetection: 0
  m_ImportantGI: 0
  m_StitchLightmapSeams: 1
  m_SelectedEditorRenderState: 3
  m_MinimumChartSize: 4
  m_AutoUVMaxDistance: 0.5
  m_AutoUVMaxAngle: 89
  m_LightmapParameters: {fileID: 0}
  m_SortingLayerID: 0
  m_SortingLayer: 0
  m_SortingOrder: 0
  serializedVersion: 2
  m_Quality: 0
  m_UpdateWhenOffscreen: 0
  m_SkinnedMotionVectors: 1
  m_Mesh: {fileID: -485743578430441126, guid: 1bf7b5e223a46c1439be74855a57367a, type: 3}
  m_Bones:
  - {fileID: 2966256439752763745}
  - {fileID: 6079100651027357185}
  - {fileID: 2663676314775936385}
  m_BlendShapeWeights: []
  m_RootBone: {fileID: 2663676314775936385}
  m_AABB:
    m_Center: {x: 0.0063358694, y: 0.1148642, z: 0.08586755}
    m_Extent: {x: 0.017532006, y: 0.021667954, z: 0.013100944}
  m_DirtyAABB: 0
--- !u!1 &5945949869319065809
GameObject:
  m_ObjectHideFlags: 0
  m_CorrespondingSourceObject: {fileID: 0}
  m_PrefabInstance: {fileID: 0}
  m_PrefabAsset: {fileID: 0}
  serializedVersion: 6
  m_Component:
  - component: {fileID: 4001087018777018887}
  - component: {fileID: 4318562745990561696}
  m_Layer: 0
  m_Name: polySurface20Eye_Mesh_Low_Poly1
  m_TagString: Untagged
  m_Icon: {fileID: 0}
  m_NavMeshLayer: 0
  m_StaticEditorFlags: 0
  m_IsActive: 1
--- !u!4 &4001087018777018887
Transform:
  m_ObjectHideFlags: 0
  m_CorrespondingSourceObject: {fileID: 0}
  m_PrefabInstance: {fileID: 0}
  m_PrefabAsset: {fileID: 0}
  m_GameObject: {fileID: 5945949869319065809}
  m_LocalRotation: {x: 0, y: -0, z: -0, w: 1}
  m_LocalPosition: {x: -0, y: 0, z: 0}
  m_LocalScale: {x: 1, y: 1, z: 1}
  m_Children: []
  m_Father: {fileID: 4060686352639654134}
  m_RootOrder: 7
  m_LocalEulerAnglesHint: {x: 0, y: 0, z: 0}
--- !u!137 &4318562745990561696
SkinnedMeshRenderer:
  m_ObjectHideFlags: 0
  m_CorrespondingSourceObject: {fileID: 0}
  m_PrefabInstance: {fileID: 0}
  m_PrefabAsset: {fileID: 0}
  m_GameObject: {fileID: 5945949869319065809}
  m_Enabled: 1
  m_CastShadows: 1
  m_ReceiveShadows: 1
  m_DynamicOccludee: 1
  m_MotionVectors: 1
  m_LightProbeUsage: 1
  m_ReflectionProbeUsage: 1
  m_RenderingLayerMask: 1
  m_RendererPriority: 0
  m_Materials:
  - {fileID: 670224309865224971, guid: 1bf7b5e223a46c1439be74855a57367a, type: 3}
  m_StaticBatchInfo:
    firstSubMesh: 0
    subMeshCount: 0
  m_StaticBatchRoot: {fileID: 0}
  m_ProbeAnchor: {fileID: 0}
  m_LightProbeVolumeOverride: {fileID: 0}
  m_ScaleInLightmap: 1
  m_ReceiveGI: 1
  m_PreserveUVs: 0
  m_IgnoreNormalsForChartDetection: 0
  m_ImportantGI: 0
  m_StitchLightmapSeams: 1
  m_SelectedEditorRenderState: 3
  m_MinimumChartSize: 4
  m_AutoUVMaxDistance: 0.5
  m_AutoUVMaxAngle: 89
  m_LightmapParameters: {fileID: 0}
  m_SortingLayerID: 0
  m_SortingLayer: 0
  m_SortingOrder: 0
  serializedVersion: 2
  m_Quality: 0
  m_UpdateWhenOffscreen: 0
  m_SkinnedMotionVectors: 1
  m_Mesh: {fileID: 3047742196963868172, guid: 1bf7b5e223a46c1439be74855a57367a, type: 3}
  m_Bones:
  - {fileID: 2966256439752763745}
  - {fileID: 6079100651027357185}
  m_BlendShapeWeights: []
  m_RootBone: {fileID: 2966256439752763745}
  m_AABB:
    m_Center: {x: 0.015418565, y: 0.096225515, z: 0.059008796}
    m_Extent: {x: 0.008665318, y: 0.009426307, z: 0.011019882}
  m_DirtyAABB: 0
--- !u!1 &6084895473338519072
GameObject:
  m_ObjectHideFlags: 0
  m_CorrespondingSourceObject: {fileID: 0}
  m_PrefabInstance: {fileID: 0}
  m_PrefabAsset: {fileID: 0}
  serializedVersion: 6
  m_Component:
  - component: {fileID: 7073674975045975091}
  m_Layer: 0
  m_Name: StaffHigh
  m_TagString: Untagged
  m_Icon: {fileID: 0}
  m_NavMeshLayer: 0
  m_StaticEditorFlags: 0
  m_IsActive: 1
--- !u!4 &7073674975045975091
Transform:
  m_ObjectHideFlags: 0
  m_CorrespondingSourceObject: {fileID: 0}
  m_PrefabInstance: {fileID: 0}
  m_PrefabAsset: {fileID: 0}
  m_GameObject: {fileID: 6084895473338519072}
  m_LocalRotation: {x: 0, y: 0, z: 0.62155807, w: 0.7833682}
  m_LocalPosition: {x: 0.126, y: 0.007, z: -0.124}
  m_LocalScale: {x: 0.0283105, y: 0.0283105, z: 0.0283105}
  m_Children:
  - {fileID: 7048352218589673386}
  - {fileID: 2099416590831148295}
  m_Father: {fileID: 3346139400726790037}
  m_RootOrder: 1
  m_LocalEulerAnglesHint: {x: 0, y: 0, z: 76.86}
--- !u!1 &6348097459659692396
GameObject:
  m_ObjectHideFlags: 0
  m_CorrespondingSourceObject: {fileID: 0}
  m_PrefabInstance: {fileID: 0}
  m_PrefabAsset: {fileID: 0}
  serializedVersion: 6
  m_Component:
  - component: {fileID: 828203595439064653}
  m_Layer: 0
  m_Name: mixamorig:LeftArm
  m_TagString: Untagged
  m_Icon: {fileID: 0}
  m_NavMeshLayer: 0
  m_StaticEditorFlags: 0
  m_IsActive: 1
--- !u!4 &828203595439064653
Transform:
  m_ObjectHideFlags: 0
  m_CorrespondingSourceObject: {fileID: 0}
  m_PrefabInstance: {fileID: 0}
  m_PrefabAsset: {fileID: 0}
  m_GameObject: {fileID: 6348097459659692396}
  m_LocalRotation: {x: 0.46601918, y: -0.1995399, z: -0.1783221, w: 0.8433334}
  m_LocalPosition: {x: 2.0063787e-10, y: 0.049204983, z: -0.0000000015857053}
  m_LocalScale: {x: 1, y: 1, z: 1}
  m_Children:
  - {fileID: 1424742496815720342}
  m_Father: {fileID: 7950131398919463187}
  m_RootOrder: 0
  m_LocalEulerAnglesHint: {x: 62.9023, y: 55.510742, z: 82.73113}
--- !u!1 &6381751096585224808
GameObject:
  m_ObjectHideFlags: 0
  m_CorrespondingSourceObject: {fileID: 0}
  m_PrefabInstance: {fileID: 0}
  m_PrefabAsset: {fileID: 0}
  serializedVersion: 6
  m_Component:
  - component: {fileID: 1424742496815720342}
  m_Layer: 0
  m_Name: mixamorig:LeftForeArm
  m_TagString: Untagged
  m_Icon: {fileID: 0}
  m_NavMeshLayer: 0
  m_StaticEditorFlags: 0
  m_IsActive: 1
--- !u!4 &1424742496815720342
Transform:
  m_ObjectHideFlags: 0
  m_CorrespondingSourceObject: {fileID: 0}
  m_PrefabInstance: {fileID: 0}
  m_PrefabAsset: {fileID: 0}
  m_GameObject: {fileID: 6381751096585224808}
  m_LocalRotation: {x: -0.008947748, y: -0.001501362, z: -0.12880889, w: 0.99162793}
  m_LocalPosition: {x: -2.2888759e-10, y: 0.09376519, z: -1.5301146e-10}
  m_LocalScale: {x: 1, y: 1, z: 1}
  m_Children:
  - {fileID: 5325650858377014350}
  m_Father: {fileID: 828203595439064653}
  m_RootOrder: 0
  m_LocalEulerAnglesHint: {x: 1.400369, y: -2.4918995, z: -59.257996}
--- !u!1 &6700603419292467600
GameObject:
  m_ObjectHideFlags: 0
  m_CorrespondingSourceObject: {fileID: 0}
  m_PrefabInstance: {fileID: 0}
  m_PrefabAsset: {fileID: 0}
  serializedVersion: 6
  m_Component:
  - component: {fileID: 7950131398919463187}
  m_Layer: 0
  m_Name: mixamorig:LeftShoulder
  m_TagString: Untagged
  m_Icon: {fileID: 0}
  m_NavMeshLayer: 0
  m_StaticEditorFlags: 0
  m_IsActive: 1
--- !u!4 &7950131398919463187
Transform:
  m_ObjectHideFlags: 0
  m_CorrespondingSourceObject: {fileID: 0}
  m_PrefabInstance: {fileID: 0}
  m_PrefabAsset: {fileID: 0}
  m_GameObject: {fileID: 6700603419292467600}
  m_LocalRotation: {x: 0.5539771, y: -0.5086512, z: 0.5278402, w: 0.39467472}
  m_LocalPosition: {x: -0.023849966, y: 0.05200004, z: -0.0008971409}
  m_LocalScale: {x: 1, y: 1, z: 1}
  m_Children:
  - {fileID: 828203595439064653}
  - {fileID: 2492043622561203202}
  m_Father: {fileID: 2663676314775936385}
  m_RootOrder: 0
  m_LocalEulerAnglesHint: {x: 77.06597, y: 89.64805, z: -177.58328}
--- !u!1 &6734236733473132590
GameObject:
  m_ObjectHideFlags: 0
  m_CorrespondingSourceObject: {fileID: 0}
  m_PrefabInstance: {fileID: 0}
  m_PrefabAsset: {fileID: 0}
  serializedVersion: 6
  m_Component:
  - component: {fileID: 1248184009995268881}
  m_Layer: 0
  m_Name: mixamorig:RightUpLeg
  m_TagString: Untagged
  m_Icon: {fileID: 0}
  m_NavMeshLayer: 0
  m_StaticEditorFlags: 0
  m_IsActive: 1
--- !u!4 &1248184009995268881
Transform:
  m_ObjectHideFlags: 0
  m_CorrespondingSourceObject: {fileID: 0}
  m_PrefabInstance: {fileID: 0}
  m_PrefabAsset: {fileID: 0}
  m_GameObject: {fileID: 6734236733473132590}
  m_LocalRotation: {x: 0.13591784, y: 0.06010446, z: 0.98679185, w: -0.06446409}
  m_LocalPosition: {x: 0.037139405, y: -0.02188545, z: -0.00031509102}
  m_LocalScale: {x: 1, y: 1, z: 1}
  m_Children:
  - {fileID: 8422120053514786641}
  m_Father: {fileID: 4584847316618271344}
  m_RootOrder: 1
  m_LocalEulerAnglesHint: {x: -6.6700573, y: 9.266118, z: -167.83795}
--- !u!1 &6777187150853238648
GameObject:
  m_ObjectHideFlags: 0
  m_CorrespondingSourceObject: {fileID: 0}
  m_PrefabInstance: {fileID: 0}
  m_PrefabAsset: {fileID: 0}
  serializedVersion: 6
  m_Component:
  - component: {fileID: 5779432752564579278}
  - component: {fileID: 6517953292337315613}
  - component: {fileID: 2546443868996834285}
  m_Layer: 0
  m_Name: default
  m_TagString: Untagged
  m_Icon: {fileID: 0}
  m_NavMeshLayer: 0
  m_StaticEditorFlags: 0
  m_IsActive: 1
--- !u!4 &5779432752564579278
Transform:
  m_ObjectHideFlags: 0
  m_CorrespondingSourceObject: {fileID: 0}
  m_PrefabInstance: {fileID: 0}
  m_PrefabAsset: {fileID: 0}
  m_GameObject: {fileID: 6777187150853238648}
  m_LocalRotation: {x: 0, y: -0, z: -0, w: 1}
  m_LocalPosition: {x: -0, y: 0, z: 0}
  m_LocalScale: {x: 1, y: 1, z: 1}
  m_Children: []
  m_Father: {fileID: 4060686352639654134}
  m_RootOrder: 0
  m_LocalEulerAnglesHint: {x: 0, y: 0, z: 0}
--- !u!33 &6517953292337315613
MeshFilter:
  m_ObjectHideFlags: 0
  m_CorrespondingSourceObject: {fileID: 0}
  m_PrefabInstance: {fileID: 0}
  m_PrefabAsset: {fileID: 0}
  m_GameObject: {fileID: 6777187150853238648}
  m_Mesh: {fileID: -2432090755550338912, guid: 1bf7b5e223a46c1439be74855a57367a, type: 3}
--- !u!23 &2546443868996834285
MeshRenderer:
  m_ObjectHideFlags: 0
  m_CorrespondingSourceObject: {fileID: 0}
  m_PrefabInstance: {fileID: 0}
  m_PrefabAsset: {fileID: 0}
  m_GameObject: {fileID: 6777187150853238648}
  m_Enabled: 1
  m_CastShadows: 1
  m_ReceiveShadows: 1
  m_DynamicOccludee: 1
  m_MotionVectors: 1
  m_LightProbeUsage: 1
  m_ReflectionProbeUsage: 1
  m_RenderingLayerMask: 1
  m_RendererPriority: 0
  m_Materials:
  - {fileID: 10303, guid: 0000000000000000f000000000000000, type: 0}
  m_StaticBatchInfo:
    firstSubMesh: 0
    subMeshCount: 0
  m_StaticBatchRoot: {fileID: 0}
  m_ProbeAnchor: {fileID: 0}
  m_LightProbeVolumeOverride: {fileID: 0}
  m_ScaleInLightmap: 1
  m_ReceiveGI: 1
  m_PreserveUVs: 0
  m_IgnoreNormalsForChartDetection: 0
  m_ImportantGI: 0
  m_StitchLightmapSeams: 1
  m_SelectedEditorRenderState: 3
  m_MinimumChartSize: 4
  m_AutoUVMaxDistance: 0.5
  m_AutoUVMaxAngle: 89
  m_LightmapParameters: {fileID: 0}
  m_SortingLayerID: 0
  m_SortingLayer: 0
  m_SortingOrder: 0
--- !u!1 &6784675057945942180
GameObject:
  m_ObjectHideFlags: 0
  m_CorrespondingSourceObject: {fileID: 0}
  m_PrefabInstance: {fileID: 0}
  m_PrefabAsset: {fileID: 0}
  serializedVersion: 6
  m_Component:
  - component: {fileID: 8140044607302423725}
  - component: {fileID: 1856562898059553951}
  m_Layer: 0
  m_Name: pSphere6
  m_TagString: Untagged
  m_Icon: {fileID: 0}
  m_NavMeshLayer: 0
  m_StaticEditorFlags: 0
  m_IsActive: 1
--- !u!4 &8140044607302423725
Transform:
  m_ObjectHideFlags: 0
  m_CorrespondingSourceObject: {fileID: 0}
  m_PrefabInstance: {fileID: 0}
  m_PrefabAsset: {fileID: 0}
  m_GameObject: {fileID: 6784675057945942180}
  m_LocalRotation: {x: 0, y: -0, z: -0, w: 1}
  m_LocalPosition: {x: -0, y: 0, z: 0}
  m_LocalScale: {x: 1, y: 1, z: 1}
  m_Children: []
  m_Father: {fileID: 4060686352639654134}
  m_RootOrder: 11
  m_LocalEulerAnglesHint: {x: 0, y: 0, z: 0}
--- !u!137 &1856562898059553951
SkinnedMeshRenderer:
  m_ObjectHideFlags: 0
  m_CorrespondingSourceObject: {fileID: 0}
  m_PrefabInstance: {fileID: 0}
  m_PrefabAsset: {fileID: 0}
  m_GameObject: {fileID: 6784675057945942180}
  m_Enabled: 1
  m_CastShadows: 1
  m_ReceiveShadows: 1
  m_DynamicOccludee: 1
  m_MotionVectors: 1
  m_LightProbeUsage: 1
  m_ReflectionProbeUsage: 1
  m_RenderingLayerMask: 1
  m_RendererPriority: 0
  m_Materials:
  - {fileID: 2100000, guid: 2ec436307bce3eb49bcefbdab81e42cc, type: 2}
  m_StaticBatchInfo:
    firstSubMesh: 0
    subMeshCount: 0
  m_StaticBatchRoot: {fileID: 0}
  m_ProbeAnchor: {fileID: 0}
  m_LightProbeVolumeOverride: {fileID: 0}
  m_ScaleInLightmap: 1
  m_ReceiveGI: 1
  m_PreserveUVs: 0
  m_IgnoreNormalsForChartDetection: 0
  m_ImportantGI: 0
  m_StitchLightmapSeams: 1
  m_SelectedEditorRenderState: 3
  m_MinimumChartSize: 4
  m_AutoUVMaxDistance: 0.5
  m_AutoUVMaxAngle: 89
  m_LightmapParameters: {fileID: 0}
  m_SortingLayerID: 0
  m_SortingLayer: 0
  m_SortingOrder: 0
  serializedVersion: 2
  m_Quality: 0
  m_UpdateWhenOffscreen: 0
  m_SkinnedMotionVectors: 1
  m_Mesh: {fileID: 1980917502627260308, guid: 1bf7b5e223a46c1439be74855a57367a, type: 3}
  m_Bones:
  - {fileID: 2663676314775936385}
  - {fileID: 2966256439752763745}
  - {fileID: 840789776718178212}
  - {fileID: 7065722292838931958}
  m_BlendShapeWeights: []
  m_RootBone: {fileID: 840789776718178212}
  m_AABB:
    m_Center: {x: 0.00053700246, y: 0.081826314, z: 0.06446983}
    m_Extent: {x: 0.027735205, y: 0.03481271, z: 0.009586262}
  m_DirtyAABB: 0
--- !u!1 &6967970715328729606
GameObject:
  m_ObjectHideFlags: 0
  m_CorrespondingSourceObject: {fileID: 0}
  m_PrefabInstance: {fileID: 0}
  m_PrefabAsset: {fileID: 0}
  serializedVersion: 6
  m_Component:
  - component: {fileID: 1471806820314782220}
  m_Layer: 0
  m_Name: mixamorig:RightToe_End
  m_TagString: Untagged
  m_Icon: {fileID: 0}
  m_NavMeshLayer: 0
  m_StaticEditorFlags: 0
  m_IsActive: 1
--- !u!4 &1471806820314782220
Transform:
  m_ObjectHideFlags: 0
  m_CorrespondingSourceObject: {fileID: 0}
  m_PrefabInstance: {fileID: 0}
  m_PrefabAsset: {fileID: 0}
  m_GameObject: {fileID: 6967970715328729606}
  m_LocalRotation: {x: 0, y: -0, z: -0, w: 1}
  m_LocalPosition: {x: -1.4592949e-12, y: 0.025436278, z: -1.1934625e-11}
  m_LocalScale: {x: 1, y: 1, z: 1}
  m_Children: []
  m_Father: {fileID: 135370428951061081}
  m_RootOrder: 0
  m_LocalEulerAnglesHint: {x: 0, y: 0, z: 0}
--- !u!1 &7123108097394041955
GameObject:
  m_ObjectHideFlags: 0
  m_CorrespondingSourceObject: {fileID: 0}
  m_PrefabInstance: {fileID: 0}
  m_PrefabAsset: {fileID: 0}
  serializedVersion: 6
  m_Component:
  - component: {fileID: 3114630398542544061}
  m_Layer: 0
  m_Name: mixamorig:LeftHandIndex1
  m_TagString: Untagged
  m_Icon: {fileID: 0}
  m_NavMeshLayer: 0
  m_StaticEditorFlags: 0
  m_IsActive: 1
--- !u!4 &3114630398542544061
Transform:
  m_ObjectHideFlags: 0
  m_CorrespondingSourceObject: {fileID: 0}
  m_PrefabInstance: {fileID: 0}
  m_PrefabAsset: {fileID: 0}
  m_GameObject: {fileID: 7123108097394041955}
  m_LocalRotation: {x: 0.65185696, y: -0.24362385, z: -0.24624145, w: 0.6746074}
  m_LocalPosition: {x: 8.82313e-10, y: 0.05708889, z: 3.7911185e-11}
  m_LocalScale: {x: 1, y: 1, z: 1}
  m_Children:
  - {fileID: 7469779461273947410}
  m_Father: {fileID: 5325650858377014350}
  m_RootOrder: 0
  m_LocalEulerAnglesHint: {x: 32.34389, y: -77.403595, z: -79.47013}
--- !u!1 &7399579750611459974
GameObject:
  m_ObjectHideFlags: 0
  m_CorrespondingSourceObject: {fileID: 0}
  m_PrefabInstance: {fileID: 0}
  m_PrefabAsset: {fileID: 0}
  serializedVersion: 6
  m_Component:
  - component: {fileID: 778692004502613169}
  - component: {fileID: 2869128288979169865}
  m_Layer: 0
  m_Name: polySurface20Eye_Mesh_Low_Poly
  m_TagString: Untagged
  m_Icon: {fileID: 0}
  m_NavMeshLayer: 0
  m_StaticEditorFlags: 0
  m_IsActive: 1
--- !u!4 &778692004502613169
Transform:
  m_ObjectHideFlags: 0
  m_CorrespondingSourceObject: {fileID: 0}
  m_PrefabInstance: {fileID: 0}
  m_PrefabAsset: {fileID: 0}
  m_GameObject: {fileID: 7399579750611459974}
  m_LocalRotation: {x: 0, y: -0, z: -0, w: 1}
  m_LocalPosition: {x: -0, y: 0, z: 0}
  m_LocalScale: {x: 1, y: 1, z: 1}
  m_Children: []
  m_Father: {fileID: 4060686352639654134}
  m_RootOrder: 6
  m_LocalEulerAnglesHint: {x: 0, y: 0, z: 0}
--- !u!137 &2869128288979169865
SkinnedMeshRenderer:
  m_ObjectHideFlags: 0
  m_CorrespondingSourceObject: {fileID: 0}
  m_PrefabInstance: {fileID: 0}
  m_PrefabAsset: {fileID: 0}
  m_GameObject: {fileID: 7399579750611459974}
  m_Enabled: 1
  m_CastShadows: 1
  m_ReceiveShadows: 1
  m_DynamicOccludee: 1
  m_MotionVectors: 1
  m_LightProbeUsage: 1
  m_ReflectionProbeUsage: 1
  m_RenderingLayerMask: 1
  m_RendererPriority: 0
  m_Materials:
  - {fileID: 670224309865224971, guid: 1bf7b5e223a46c1439be74855a57367a, type: 3}
  m_StaticBatchInfo:
    firstSubMesh: 0
    subMeshCount: 0
  m_StaticBatchRoot: {fileID: 0}
  m_ProbeAnchor: {fileID: 0}
  m_LightProbeVolumeOverride: {fileID: 0}
  m_ScaleInLightmap: 1
  m_ReceiveGI: 1
  m_PreserveUVs: 0
  m_IgnoreNormalsForChartDetection: 0
  m_ImportantGI: 0
  m_StitchLightmapSeams: 1
  m_SelectedEditorRenderState: 3
  m_MinimumChartSize: 4
  m_AutoUVMaxDistance: 0.5
  m_AutoUVMaxAngle: 89
  m_LightmapParameters: {fileID: 0}
  m_SortingLayerID: 0
  m_SortingLayer: 0
  m_SortingOrder: 0
  serializedVersion: 2
  m_Quality: 0
  m_UpdateWhenOffscreen: 0
  m_SkinnedMotionVectors: 1
  m_Mesh: {fileID: -192523234502727931, guid: 1bf7b5e223a46c1439be74855a57367a, type: 3}
  m_Bones:
  - {fileID: 2966256439752763745}
  - {fileID: 6079100651027357185}
  m_BlendShapeWeights: []
  m_RootBone: {fileID: 2966256439752763745}
  m_AABB:
    m_Center: {x: -0.010986244, y: 0.09620816, z: 0.06004201}
    m_Extent: {x: 0.008705754, y: 0.009408958, z: 0.009986667}
  m_DirtyAABB: 0
--- !u!1 &7402017581906850910
GameObject:
  m_ObjectHideFlags: 0
  m_CorrespondingSourceObject: {fileID: 0}
  m_PrefabInstance: {fileID: 0}
  m_PrefabAsset: {fileID: 0}
  serializedVersion: 6
  m_Component:
  - component: {fileID: 7048352218589673386}
  - component: {fileID: 7656505100085758281}
  - component: {fileID: 2006055006230878495}
  m_Layer: 0
  m_Name: pCube2
  m_TagString: Untagged
  m_Icon: {fileID: 0}
  m_NavMeshLayer: 0
  m_StaticEditorFlags: 0
  m_IsActive: 1
--- !u!4 &7048352218589673386
Transform:
  m_ObjectHideFlags: 0
  m_CorrespondingSourceObject: {fileID: 0}
  m_PrefabInstance: {fileID: 0}
  m_PrefabAsset: {fileID: 0}
  m_GameObject: {fileID: 7402017581906850910}
  m_LocalRotation: {x: 0, y: -0, z: -0, w: 1}
  m_LocalPosition: {x: -0, y: 0, z: 0}
  m_LocalScale: {x: 1, y: 1, z: 1}
  m_Children: []
  m_Father: {fileID: 7073674975045975091}
  m_RootOrder: 0
  m_LocalEulerAnglesHint: {x: 0, y: 0, z: 0}
--- !u!33 &7656505100085758281
MeshFilter:
  m_ObjectHideFlags: 0
  m_CorrespondingSourceObject: {fileID: 0}
  m_PrefabInstance: {fileID: 0}
  m_PrefabAsset: {fileID: 0}
  m_GameObject: {fileID: 7402017581906850910}
  m_Mesh: {fileID: 5302568919011541938, guid: ca0900dfbf97f9b4a9d7961e40f2af3a, type: 3}
--- !u!23 &2006055006230878495
MeshRenderer:
  m_ObjectHideFlags: 0
  m_CorrespondingSourceObject: {fileID: 0}
  m_PrefabInstance: {fileID: 0}
  m_PrefabAsset: {fileID: 0}
  m_GameObject: {fileID: 7402017581906850910}
  m_Enabled: 1
  m_CastShadows: 1
  m_ReceiveShadows: 1
  m_DynamicOccludee: 1
  m_MotionVectors: 1
  m_LightProbeUsage: 1
  m_ReflectionProbeUsage: 1
  m_RenderingLayerMask: 1
  m_RendererPriority: 0
  m_Materials:
  - {fileID: 2100000, guid: ba0c3a59f1eafc848b9daa4bb345d921, type: 2}
  m_StaticBatchInfo:
    firstSubMesh: 0
    subMeshCount: 0
  m_StaticBatchRoot: {fileID: 0}
  m_ProbeAnchor: {fileID: 0}
  m_LightProbeVolumeOverride: {fileID: 0}
  m_ScaleInLightmap: 1
  m_ReceiveGI: 1
  m_PreserveUVs: 0
  m_IgnoreNormalsForChartDetection: 0
  m_ImportantGI: 0
  m_StitchLightmapSeams: 1
  m_SelectedEditorRenderState: 3
  m_MinimumChartSize: 4
  m_AutoUVMaxDistance: 0.5
  m_AutoUVMaxAngle: 89
  m_LightmapParameters: {fileID: 0}
  m_SortingLayerID: 0
  m_SortingLayer: 0
  m_SortingOrder: 0
--- !u!1 &7439309512349994081
GameObject:
  m_ObjectHideFlags: 0
  m_CorrespondingSourceObject: {fileID: 0}
  m_PrefabInstance: {fileID: 0}
  m_PrefabAsset: {fileID: 0}
  serializedVersion: 6
  m_Component:
  - component: {fileID: 7065722292838931958}
  m_Layer: 0
  m_Name: mixamorig:RightShoulder
  m_TagString: Untagged
  m_Icon: {fileID: 0}
  m_NavMeshLayer: 0
  m_StaticEditorFlags: 0
  m_IsActive: 1
--- !u!4 &7065722292838931958
Transform:
  m_ObjectHideFlags: 0
  m_CorrespondingSourceObject: {fileID: 0}
  m_PrefabInstance: {fileID: 0}
  m_PrefabAsset: {fileID: 0}
  m_GameObject: {fileID: 7439309512349994081}
  m_LocalRotation: {x: 0.54589, y: 0.49401894, z: -0.52510464, w: 0.42686602}
  m_LocalPosition: {x: 0.023849966, y: 0.051987555, z: -0.00078704365}
  m_LocalScale: {x: 1, y: 1, z: 1}
  m_Children:
  - {fileID: 2828012710291264913}
  m_Father: {fileID: 2663676314775936385}
  m_RootOrder: 2
  m_LocalEulerAnglesHint: {x: 57.30861, y: 86.30507, z: -3.4367104}
--- !u!1 &7846312055972257316
GameObject:
  m_ObjectHideFlags: 0
  m_CorrespondingSourceObject: {fileID: 0}
  m_PrefabInstance: {fileID: 0}
  m_PrefabAsset: {fileID: 0}
  serializedVersion: 6
  m_Component:
  - component: {fileID: 4584847316618271344}
  m_Layer: 0
  m_Name: mixamorig:Hips
  m_TagString: Untagged
  m_Icon: {fileID: 0}
  m_NavMeshLayer: 0
  m_StaticEditorFlags: 0
  m_IsActive: 1
--- !u!4 &4584847316618271344
Transform:
  m_ObjectHideFlags: 0
  m_CorrespondingSourceObject: {fileID: 0}
  m_PrefabInstance: {fileID: 0}
  m_PrefabAsset: {fileID: 0}
  m_GameObject: {fileID: 7846312055972257316}
  m_LocalRotation: {x: -0.040510364, y: 0.006315399, z: -0.0007489943, w: 0.9991589}
  m_LocalPosition: {x: -0.000100343954, y: 0.37398311, z: 0.003255346}
  m_LocalScale: {x: 1, y: 1, z: 1}
  m_Children:
  - {fileID: 4782889926375081625}
  - {fileID: 1248184009995268881}
  - {fileID: 4578005276594937814}
  m_Father: {fileID: 4060686352639654134}
  m_RootOrder: 2
  m_LocalEulerAnglesHint: {x: -10.308027, y: 40.92495, z: -3.1870377}
--- !u!1 &8381942399627682112
GameObject:
  m_ObjectHideFlags: 0
  m_CorrespondingSourceObject: {fileID: 0}
  m_PrefabInstance: {fileID: 0}
  m_PrefabAsset: {fileID: 0}
  serializedVersion: 6
  m_Component:
  - component: {fileID: 3346139400726790037}
  m_Layer: 0
  m_Name: mixamorig:RightHand
  m_TagString: Untagged
  m_Icon: {fileID: 0}
  m_NavMeshLayer: 0
  m_StaticEditorFlags: 0
  m_IsActive: 1
--- !u!4 &3346139400726790037
Transform:
  m_ObjectHideFlags: 0
  m_CorrespondingSourceObject: {fileID: 0}
  m_PrefabInstance: {fileID: 0}
  m_PrefabAsset: {fileID: 0}
  m_GameObject: {fileID: 8381942399627682112}
  m_LocalRotation: {x: 0.111199014, y: -0.037181012, z: 0.16782485, w: 0.9788193}
  m_LocalPosition: {x: -2.6722266e-10, y: 0.100752026, z: 0.0000000012364285}
  m_LocalScale: {x: 1, y: 1, z: 1}
  m_Children:
  - {fileID: 9157449924536958761}
  - {fileID: 7073674975045975091}
  m_Father: {fileID: 1988794385766713353}
  m_RootOrder: 0
  m_LocalEulerAnglesHint: {x: -7.07213, y: 1.5344335, z: -12.548527}
--- !u!1 &9021691246090468678
GameObject:
  m_ObjectHideFlags: 0
  m_CorrespondingSourceObject: {fileID: 0}
  m_PrefabInstance: {fileID: 0}
  m_PrefabAsset: {fileID: 0}
  serializedVersion: 6
  m_Component:
  - component: {fileID: 5325650858377014350}
  m_Layer: 0
  m_Name: mixamorig:LeftHand
  m_TagString: Untagged
  m_Icon: {fileID: 0}
  m_NavMeshLayer: 0
  m_StaticEditorFlags: 0
  m_IsActive: 1
--- !u!4 &5325650858377014350
Transform:
  m_ObjectHideFlags: 0
  m_CorrespondingSourceObject: {fileID: 0}
  m_PrefabInstance: {fileID: 0}
  m_PrefabAsset: {fileID: 0}
  m_GameObject: {fileID: 9021691246090468678}
  m_LocalRotation: {x: 0.119671434, y: 0.07608165, z: -0.0382932, w: 0.98915315}
  m_LocalPosition: {x: -9.442371e-11, y: 0.10081603, z: 7.5376333e-10}
  m_LocalScale: {x: 1, y: 1, z: 1}
  m_Children:
  - {fileID: 3114630398542544061}
  m_Father: {fileID: 1424742496815720342}
  m_RootOrder: 0
  m_LocalEulerAnglesHint: {x: -3.9989462, y: 6.586622, z: 27.869606}
--- !u!1 &9159016554963506891
GameObject:
  m_ObjectHideFlags: 0
  m_CorrespondingSourceObject: {fileID: 0}
  m_PrefabInstance: {fileID: 0}
  m_PrefabAsset: {fileID: 0}
  serializedVersion: 6
  m_Component:
  - component: {fileID: 310188841003314881}
  m_Layer: 0
  m_Name: mixamorig:LeftToe_End
  m_TagString: Untagged
  m_Icon: {fileID: 0}
  m_NavMeshLayer: 0
  m_StaticEditorFlags: 0
  m_IsActive: 1
--- !u!4 &310188841003314881
Transform:
  m_ObjectHideFlags: 0
  m_CorrespondingSourceObject: {fileID: 0}
  m_PrefabInstance: {fileID: 0}
  m_PrefabAsset: {fileID: 0}
  m_GameObject: {fileID: 9159016554963506891}
  m_LocalRotation: {x: 0, y: -0, z: -0, w: 1}
  m_LocalPosition: {x: -5.890968e-11, y: 0.02561588, z: 6.4601293e-12}
  m_LocalScale: {x: 1, y: 1, z: 1}
  m_Children: []
  m_Father: {fileID: 7759778236791442869}
  m_RootOrder: 0
  m_LocalEulerAnglesHint: {x: 0, y: 0, z: 0}
--- !u!1001 &3137541127757039350
PrefabInstance:
  m_ObjectHideFlags: 0
  serializedVersion: 2
  m_Modification:
    m_TransformParent: {fileID: 7950131398919463187}
    m_Modifications:
    - target: {fileID: 653854329237927430, guid: 25c7500b50317d347a7f7c384cc72da5,
        type: 3}
      propertyPath: m_Name
      value: SangueJorrando
      objectReference: {fileID: 0}
    - target: {fileID: 657329217870676724, guid: 25c7500b50317d347a7f7c384cc72da5,
        type: 3}
      propertyPath: m_LocalPosition.x
      value: 0.021056725
      objectReference: {fileID: 0}
    - target: {fileID: 657329217870676724, guid: 25c7500b50317d347a7f7c384cc72da5,
        type: 3}
      propertyPath: m_LocalPosition.y
      value: -0.03703648
      objectReference: {fileID: 0}
    - target: {fileID: 657329217870676724, guid: 25c7500b50317d347a7f7c384cc72da5,
        type: 3}
      propertyPath: m_LocalPosition.z
      value: 0.120342664
      objectReference: {fileID: 0}
    - target: {fileID: 657329217870676724, guid: 25c7500b50317d347a7f7c384cc72da5,
        type: 3}
      propertyPath: m_LocalRotation.x
      value: -0.80563706
      objectReference: {fileID: 0}
    - target: {fileID: 657329217870676724, guid: 25c7500b50317d347a7f7c384cc72da5,
        type: 3}
      propertyPath: m_LocalRotation.y
      value: 0.23070428
      objectReference: {fileID: 0}
    - target: {fileID: 657329217870676724, guid: 25c7500b50317d347a7f7c384cc72da5,
        type: 3}
      propertyPath: m_LocalRotation.z
      value: -0.5295217
      objectReference: {fileID: 0}
    - target: {fileID: 657329217870676724, guid: 25c7500b50317d347a7f7c384cc72da5,
        type: 3}
      propertyPath: m_LocalRotation.w
      value: 0.13164791
      objectReference: {fileID: 0}
    - target: {fileID: 657329217870676724, guid: 25c7500b50317d347a7f7c384cc72da5,
        type: 3}
      propertyPath: m_RootOrder
      value: 1
      objectReference: {fileID: 0}
    - target: {fileID: 657329217870676724, guid: 25c7500b50317d347a7f7c384cc72da5,
        type: 3}
      propertyPath: m_LocalEulerAnglesHint.x
      value: -21.910002
      objectReference: {fileID: 0}
    - target: {fileID: 657329217870676724, guid: 25c7500b50317d347a7f7c384cc72da5,
        type: 3}
      propertyPath: m_LocalEulerAnglesHint.y
      value: -6.0720005
      objectReference: {fileID: 0}
    - target: {fileID: 657329217870676724, guid: 25c7500b50317d347a7f7c384cc72da5,
        type: 3}
      propertyPath: m_LocalEulerAnglesHint.z
      value: -48.499
      objectReference: {fileID: 0}
    - target: {fileID: 657329217870676724, guid: 25c7500b50317d347a7f7c384cc72da5,
        type: 3}
      propertyPath: m_LocalScale.x
      value: 0.3392592
      objectReference: {fileID: 0}
    - target: {fileID: 657329217870676724, guid: 25c7500b50317d347a7f7c384cc72da5,
        type: 3}
      propertyPath: m_LocalScale.y
      value: 0.33925906
      objectReference: {fileID: 0}
    m_RemovedComponents: []
  m_SourcePrefab: {fileID: 100100000, guid: 25c7500b50317d347a7f7c384cc72da5, type: 3}
--- !u!1 &2492808381915525360 stripped
GameObject:
  m_CorrespondingSourceObject: {fileID: 653854329237927430, guid: 25c7500b50317d347a7f7c384cc72da5,
    type: 3}
  m_PrefabInstance: {fileID: 3137541127757039350}
  m_PrefabAsset: {fileID: 0}
--- !u!4 &2492043622561203202 stripped
Transform:
  m_CorrespondingSourceObject: {fileID: 657329217870676724, guid: 25c7500b50317d347a7f7c384cc72da5,
    type: 3}
  m_PrefabInstance: {fileID: 3137541127757039350}
  m_PrefabAsset: {fileID: 0}
--- !u!1001 &3137541127937066717
PrefabInstance:
  m_ObjectHideFlags: 0
  serializedVersion: 2
  m_Modification:
    m_TransformParent: {fileID: 4060686352639654134}
    m_Modifications:
    - target: {fileID: 2635911336261085111, guid: a555a5e0bc7b13148a05167d96a75a65,
        type: 3}
      propertyPath: m_Name
      value: EarthShatter
      objectReference: {fileID: 0}
    - target: {fileID: 2635911336261085111, guid: a555a5e0bc7b13148a05167d96a75a65,
        type: 3}
      propertyPath: m_IsActive
      value: 1
      objectReference: {fileID: 0}
    - target: {fileID: 2630433848751878203, guid: a555a5e0bc7b13148a05167d96a75a65,
        type: 3}
      propertyPath: m_LocalPosition.x
      value: 0
      objectReference: {fileID: 0}
    - target: {fileID: 2630433848751878203, guid: a555a5e0bc7b13148a05167d96a75a65,
        type: 3}
      propertyPath: m_LocalPosition.y
      value: 0
      objectReference: {fileID: 0}
    - target: {fileID: 2630433848751878203, guid: a555a5e0bc7b13148a05167d96a75a65,
        type: 3}
      propertyPath: m_LocalPosition.z
      value: 0.354
      objectReference: {fileID: 0}
    - target: {fileID: 2630433848751878203, guid: a555a5e0bc7b13148a05167d96a75a65,
        type: 3}
      propertyPath: m_LocalRotation.x
      value: 0
      objectReference: {fileID: 0}
    - target: {fileID: 2630433848751878203, guid: a555a5e0bc7b13148a05167d96a75a65,
        type: 3}
      propertyPath: m_LocalRotation.y
      value: 0
      objectReference: {fileID: 0}
    - target: {fileID: 2630433848751878203, guid: a555a5e0bc7b13148a05167d96a75a65,
        type: 3}
      propertyPath: m_LocalRotation.z
      value: 0
      objectReference: {fileID: 0}
    - target: {fileID: 2630433848751878203, guid: a555a5e0bc7b13148a05167d96a75a65,
        type: 3}
      propertyPath: m_LocalRotation.w
      value: 1
      objectReference: {fileID: 0}
    - target: {fileID: 2630433848751878203, guid: a555a5e0bc7b13148a05167d96a75a65,
        type: 3}
      propertyPath: m_RootOrder
      value: 13
      objectReference: {fileID: 0}
    - target: {fileID: 2630433848751878203, guid: a555a5e0bc7b13148a05167d96a75a65,
        type: 3}
      propertyPath: m_LocalEulerAnglesHint.x
      value: 0
      objectReference: {fileID: 0}
    - target: {fileID: 2630433848751878203, guid: a555a5e0bc7b13148a05167d96a75a65,
        type: 3}
      propertyPath: m_LocalEulerAnglesHint.y
      value: 0
      objectReference: {fileID: 0}
    - target: {fileID: 2630433848751878203, guid: a555a5e0bc7b13148a05167d96a75a65,
        type: 3}
      propertyPath: m_LocalEulerAnglesHint.z
      value: 0
      objectReference: {fileID: 0}
    - target: {fileID: 2630433848751878203, guid: a555a5e0bc7b13148a05167d96a75a65,
        type: 3}
      propertyPath: m_LocalScale.x
      value: 0.2
      objectReference: {fileID: 0}
    - target: {fileID: 2630433848751878203, guid: a555a5e0bc7b13148a05167d96a75a65,
        type: 3}
      propertyPath: m_LocalScale.y
      value: 0.2
      objectReference: {fileID: 0}
    - target: {fileID: 2630433848751878203, guid: a555a5e0bc7b13148a05167d96a75a65,
        type: 3}
      propertyPath: m_LocalScale.z
      value: 0.2
      objectReference: {fileID: 0}
    - target: {fileID: 2760884031821305837, guid: a555a5e0bc7b13148a05167d96a75a65,
        type: 3}
      propertyPath: lengthInSec
      value: 5
      objectReference: {fileID: 0}
    - target: {fileID: 2760884031821305837, guid: a555a5e0bc7b13148a05167d96a75a65,
        type: 3}
      propertyPath: InitialModule.size3D
      value: 0
      objectReference: {fileID: 0}
    - target: {fileID: 2760884031821305837, guid: a555a5e0bc7b13148a05167d96a75a65,
        type: 3}
      propertyPath: InitialModule.startSize.scalar
      value: 1
      objectReference: {fileID: 0}
    - target: {fileID: 2760884031821305837, guid: a555a5e0bc7b13148a05167d96a75a65,
        type: 3}
      propertyPath: InitialModule.startSizeY.scalar
      value: 1
      objectReference: {fileID: 0}
    - target: {fileID: 2760884031821305837, guid: a555a5e0bc7b13148a05167d96a75a65,
        type: 3}
      propertyPath: InitialModule.startColor.maxColor.r
      value: 0.11300975
      objectReference: {fileID: 0}
    - target: {fileID: 2760884031821305837, guid: a555a5e0bc7b13148a05167d96a75a65,
        type: 3}
      propertyPath: InitialModule.startColor.maxColor.g
      value: 0.6886792
      objectReference: {fileID: 0}
    - target: {fileID: 2760884031821305837, guid: a555a5e0bc7b13148a05167d96a75a65,
        type: 3}
      propertyPath: InitialModule.startColor.maxColor.b
      value: 0
      objectReference: {fileID: 0}
    - target: {fileID: 2760884031821305837, guid: a555a5e0bc7b13148a05167d96a75a65,
        type: 3}
      propertyPath: InitialModule.startSpeed.scalar
      value: 36
      objectReference: {fileID: 0}
    - target: {fileID: 2630438205963443899, guid: a555a5e0bc7b13148a05167d96a75a65,
        type: 3}
      propertyPath: m_LocalScale.x
      value: 1.2919
      objectReference: {fileID: 0}
    - target: {fileID: 2630438205963443899, guid: a555a5e0bc7b13148a05167d96a75a65,
        type: 3}
      propertyPath: m_LocalScale.y
      value: 1.2919
      objectReference: {fileID: 0}
    - target: {fileID: 2630438205963443899, guid: a555a5e0bc7b13148a05167d96a75a65,
        type: 3}
      propertyPath: m_LocalScale.z
      value: 1.2919
      objectReference: {fileID: 0}
    - target: {fileID: 2761515880057042399, guid: a555a5e0bc7b13148a05167d96a75a65,
        type: 3}
      propertyPath: lengthInSec
      value: 5
      objectReference: {fileID: 0}
    - target: {fileID: 2761310037666936925, guid: a555a5e0bc7b13148a05167d96a75a65,
        type: 3}
      propertyPath: EmissionModule.rateOverTime.scalar
      value: 7
      objectReference: {fileID: 0}
    - target: {fileID: 2761310037666936925, guid: a555a5e0bc7b13148a05167d96a75a65,
        type: 3}
      propertyPath: lengthInSec
      value: 5
      objectReference: {fileID: 0}
    - target: {fileID: 2761310037666936925, guid: a555a5e0bc7b13148a05167d96a75a65,
        type: 3}
      propertyPath: VelocityModule.orbitalZ.scalar
      value: 0
      objectReference: {fileID: 0}
    - target: {fileID: 2761310037666936925, guid: a555a5e0bc7b13148a05167d96a75a65,
        type: 3}
      propertyPath: VelocityModule.orbitalOffsetZ.scalar
      value: 0
      objectReference: {fileID: 0}
    - target: {fileID: 2761310037666936925, guid: a555a5e0bc7b13148a05167d96a75a65,
        type: 3}
      propertyPath: VelocityModule.orbitalY.scalar
      value: 0
      objectReference: {fileID: 0}
    - target: {fileID: 2761310037666936925, guid: a555a5e0bc7b13148a05167d96a75a65,
        type: 3}
      propertyPath: VelocityModule.orbitalX.scalar
      value: -0.01
      objectReference: {fileID: 0}
    - target: {fileID: 2761310037666936925, guid: a555a5e0bc7b13148a05167d96a75a65,
        type: 3}
      propertyPath: VelocityModule.orbitalOffsetX.scalar
      value: 0
      objectReference: {fileID: 0}
    - target: {fileID: 2761217950579674745, guid: a555a5e0bc7b13148a05167d96a75a65,
        type: 3}
      propertyPath: lengthInSec
      value: 5
      objectReference: {fileID: 0}
    - target: {fileID: 2761260183127090309, guid: a555a5e0bc7b13148a05167d96a75a65,
        type: 3}
      propertyPath: lengthInSec
      value: 5
      objectReference: {fileID: 0}
    - target: {fileID: 2761108982295337571, guid: a555a5e0bc7b13148a05167d96a75a65,
        type: 3}
      propertyPath: lengthInSec
      value: 5
      objectReference: {fileID: 0}
    m_RemovedComponents: []
  m_SourcePrefab: {fileID: 100100000, guid: a555a5e0bc7b13148a05167d96a75a65, type: 3}
--- !u!1 &1089425177455518058 stripped
GameObject:
  m_CorrespondingSourceObject: {fileID: 2635911336261085111, guid: a555a5e0bc7b13148a05167d96a75a65,
    type: 3}
  m_PrefabInstance: {fileID: 3137541127937066717}
  m_PrefabAsset: {fileID: 0}
--- !u!4 &1084211572745369318 stripped
Transform:
  m_CorrespondingSourceObject: {fileID: 2630433848751878203, guid: a555a5e0bc7b13148a05167d96a75a65,
    type: 3}
  m_PrefabInstance: {fileID: 3137541127937066717}
  m_PrefabAsset: {fileID: 0}
--- !u!1001 &3137541128644582263
PrefabInstance:
  m_ObjectHideFlags: 0
  serializedVersion: 2
  m_Modification:
    m_TransformParent: {fileID: 4060686352639654134}
    m_Modifications:
    - target: {fileID: 1204445835159496568, guid: 26b1ef8ba67a25f4fa842697cfffc177,
        type: 3}
      propertyPath: m_Name
      value: SangueEspirro
      objectReference: {fileID: 0}
    - target: {fileID: 1205475304710134510, guid: 26b1ef8ba67a25f4fa842697cfffc177,
        type: 3}
      propertyPath: m_LocalPosition.x
      value: 0
      objectReference: {fileID: 0}
    - target: {fileID: 1205475304710134510, guid: 26b1ef8ba67a25f4fa842697cfffc177,
        type: 3}
      propertyPath: m_LocalPosition.y
      value: 0.425
      objectReference: {fileID: 0}
    - target: {fileID: 1205475304710134510, guid: 26b1ef8ba67a25f4fa842697cfffc177,
        type: 3}
      propertyPath: m_LocalPosition.z
      value: 0
      objectReference: {fileID: 0}
    - target: {fileID: 1205475304710134510, guid: 26b1ef8ba67a25f4fa842697cfffc177,
        type: 3}
      propertyPath: m_LocalRotation.x
      value: -0
      objectReference: {fileID: 0}
    - target: {fileID: 1205475304710134510, guid: 26b1ef8ba67a25f4fa842697cfffc177,
        type: 3}
      propertyPath: m_LocalRotation.y
      value: 0.3633943
      objectReference: {fileID: 0}
    - target: {fileID: 1205475304710134510, guid: 26b1ef8ba67a25f4fa842697cfffc177,
        type: 3}
      propertyPath: m_LocalRotation.z
      value: -0
      objectReference: {fileID: 0}
    - target: {fileID: 1205475304710134510, guid: 26b1ef8ba67a25f4fa842697cfffc177,
        type: 3}
      propertyPath: m_LocalRotation.w
      value: 0.93163544
      objectReference: {fileID: 0}
    - target: {fileID: 1205475304710134510, guid: 26b1ef8ba67a25f4fa842697cfffc177,
        type: 3}
      propertyPath: m_RootOrder
      value: 12
      objectReference: {fileID: 0}
    - target: {fileID: 1205475304710134510, guid: 26b1ef8ba67a25f4fa842697cfffc177,
        type: 3}
      propertyPath: m_LocalEulerAnglesHint.x
      value: 0
      objectReference: {fileID: 0}
    - target: {fileID: 1205475304710134510, guid: 26b1ef8ba67a25f4fa842697cfffc177,
        type: 3}
      propertyPath: m_LocalEulerAnglesHint.y
      value: 42.618004
      objectReference: {fileID: 0}
    - target: {fileID: 1205475304710134510, guid: 26b1ef8ba67a25f4fa842697cfffc177,
        type: 3}
      propertyPath: m_LocalEulerAnglesHint.z
      value: 0
      objectReference: {fileID: 0}
    m_RemovedComponents: []
  m_SourcePrefab: {fileID: 100100000, guid: 26b1ef8ba67a25f4fa842697cfffc177, type: 3}
--- !u!4 &4265045664977191321 stripped
Transform:
  m_CorrespondingSourceObject: {fileID: 1205475304710134510, guid: 26b1ef8ba67a25f4fa842697cfffc177,
    type: 3}
  m_PrefabInstance: {fileID: 3137541128644582263}
  m_PrefabAsset: {fileID: 0}
--- !u!1 &4268783609628376079 stripped
GameObject:
  m_CorrespondingSourceObject: {fileID: 1204445835159496568, guid: 26b1ef8ba67a25f4fa842697cfffc177,
    type: 3}
  m_PrefabInstance: {fileID: 3137541128644582263}
  m_PrefabAsset: {fileID: 0}
